1742 2924
178 155 246 204 ¹32
731 150 740 156 “
786 153 1098 197 ΔειΝΔιι-,ΙΑ
1139 138 1160 162 “’
1235 178 1239 186 ·

180 270 300 312 Adeo
330 277 379 308 vt
405 276 587 308 aetatem
618 266 745 306 ambo
776 268 989 308 ambobus
1018 269 1146 310 nobis
1176 269 1255 309 lint
1282 262 1476 320 obnoxii}

182 337 332 387 Nostro
361 344 557 384 deuincti
587 341 817 384 beneficio.
877 346 955 386 L1.
987 344 1165 385 Vinctos
1197 345 1343 388 nescio
1375 361 1485 403 quos
1516 348 1590 390 ait.
1643 374 1647 392 ;
1680 357 1683 361 ’

181 422 284 464 Non
314 421 477 477 placet:
529 427 679 460 metuo
708 420 756 459 in
798 432 1058 468 commune,
1096 434 1153 462 ne
1187 435 1319 476 quam
1347 423 1546 465 fraudem
1583 423 1696 464 frau·
1723 428 1725 431 ’

1035 486 1049 501 ⁴¹
1069 496 1136 538 sus
1170 499 1255 539 fiet.
1534 507 1540 512 ”
1640 514 1696 543 20

183 574 272 616 LE.
302 572 418 612 Perii
445 584 525 626 ego
561 570 751 626 oppido,
789 572 868 612 nifi
899 573 1117 614 Libanum
1146 575 1328 615 inuenio
1358 575 1468 622 iam,
1494 574 1584 616 'vbi
1615 574 1694 615 vbi

1080 649 1136 689 est
1165 651 1377 705 gentium.

183 727 262 769 Lt-
276 725 368 764 Illic
378 724 514 764 homo
531 720 695 763 socium
709 722 762 762 ad
774 725 930 765 malam
939 738 1030 765 rem
1046 727 1224 782 quaerit,
1239 738 1370 780 quem
1384 725 1590 789 adiungat
1605 723 1697 763 fibi.

184 801 287 841 Non
303 801 456 855 placet.
477 811 556 852 pro
572 798 767 840 monstro
779 802 995 856 extemplo
1012 800 1083 846 est,
1102 801 1278 856 quando
1295 801 1371 858 qui
1389 799 1511 840 [udat
1529 801 1691 840 tremit.

180 879 270 920 LE.
285 876 369 916 Sed
383 875 490 930 quid
509 887 587 930 ego
603 874 676 914 hic
686 887 920 930 properans
934 876 1127 916 conceffo
1139 876 1338 930 pedibus,
1348 877 1495 931 lingua
1509 873 1693 930 largior?

180 952 302 1006 Quin
330 964 410 1005 ego
437 952 551 990 hanc
580 949 712 989 iubeo
740 957 896 996 tacere,
929 962 1040 1005 quae
1063 950 1245 1005 loquens
1265 953 1421 992 lacerat
1439 950 1587 991 diem?
1637 963 1689 1000 25

179 1030 260 1073 LI·
287 1026 459 1081 Edepol
478 1026 707 1065 hominem
732 1024 970 1072 infelicem,
1002 1027 1079 1081 qui
1100 1036 1326 1080 patronam
1354 1022 1637 1084 comptimat!

174 1104 292 1146 Nam
325 1104 351 1141 fi
380 1102 488 1157 quid
517 1099 683 1141 sceleste
711 1098 840 1147 fecit,
872 1102 1018 1155 lingua
1047 1114 1126 1155 pro
1154 1101 1229 1142 illo
1260 1102 1438 1157 peierat.

178 1182 267 1223 LE.
292 1177 611 1232 Adproperabm
644 1189 700 1216 ne
728 1176 818 1230 post
841 1186 1012 1231 tempus
1039 1176 1219 1230 praedae
1246 1175 1503 1232 praefidiurn
1527 1187 1690 1230 parem.

176 1257 255 1300 Lr.
275 1254 398 1310 Quae
416 1254 538 1294 illaec
555 1246 711 1306 praeda
729 1251 816 1292 est?
845 1253 918 1293 ibo
942 1251 1185 1298 aduersum,
1207 1263 1336 1308 atque
1354 1250 1546 1292 electabo
1568 1250 1692 1307 quid·

1061 1328 1169 1384 quid
1201 1328 1270 1368 est.

174 1408 312 1453 Iubeo
342 1414 393 1446 te·
416 1405 573 1445 [aluere
603 1416 712 1444 voce
745 1403 930 1450 summa,
959 1404 1102 1459 quoad
1129 1404 1243 1443 vires
1271 1405 1431 1444 valent.
1592 1415 1690 1453 30

175 1485 263 1526 LE.
284 1481 565 1534 Gymnafium
580 1478 717 1534 flagri,
739 1478 914 1521 salueto.
947 1482 1023 1521 Lr.
1045 1479 1166 1533 Quid
1184 1481 1288 1534 agis,
1312 1478 1448 1518 custos
1474 1478 1688 1519 carceris?
1713 1489 1715 1495 ’

175 1561 263 1601 LE.
293 1558 332 1600 Ο
369 1566 615 1596 catenarum
638 1557 807 1596 colone.
866 1557 942 1596 Lz.
976 1555 1013 1595 O
1042 1557 1260 1609 virgarum
1293 1553 1481 1597 lasciuia.

175 1639 264 1679 LE·
296 1634 418 1687 Quot
433 1631 583 1686 pondo
605 1631 676 1669 ted
692 1630 771 1670 effe
789 1629 933 1670 censes
950 1630 1150 1670 nudum?
1181 1632 1257 1671 L1.
1279 1630 1380 1671 Non
1401 1630 1557 1685 edepol
1582 1628 1685 1668 scio.

176 1714 264 1756 LE·
293 1709 468 1749 Scibam
500 1719 580 1760 ego
610 1715 650 1744 te
685 1705 871 1746 nescire:
910 1715 952 1745 at
986 1707 1061 1760 pol
1089 1719 1170 1761 ego
1194 1707 1272 1762 qui
1302 1716 1343 1746 te
1369 1706 1557 1760 expendi
1580 1703 1682 1745 seim

170 1787 331 1830 Nudus
352 1784 528 1823 vinctus
546 1790 721 1821 centum
742 1780 890 1835 pondo
914 1794 972 1827 es,
986 1781 1169 1836 quando
1190 1781 1353 1835 pendes
1372 1795 1448 1836 per
1466 1781 1608 1835 pedes.
1633 1796 1682 1832 35

172 1865 252 1907 Lz.
287 1860 389 1915 Quo
413 1865 668 1912 argumento
692 1854 830 1896 istuc?
890 1855 975 1896 LE.
1005 1856 1095 1910 Ego
1125 1856 1283 1902 dicam,
1312 1869 1398 1910 quo
1428 1866 1683 1910 argumento

1060 1941 1103 1971 et
1132 1945 1218 1986 quo
1247 1932 1393 1972 modo.

168 2013 235 2055 Ad
263 2011 396 2067 pedes
430 2007 605 2065 quando
637 2006 847 2061 adligatus
877 2019 921 2046 es
940 2019 1140 2060 aequum
1171 2007 1530 2061 centupondium‚

167 2090 250 2130 Vbi
273 2100 428 2126 manus
452 2085 649 2126 manicae
664 2083 915 2135 complexae
933 2080 1031 2122 sunt
1054 2091 1180 2136 atque
1200 2080 1408 2123 adductae
1425 2082 1480 2122 ad
1499 2083 1678 2130 trabem,

167 2165 264 2204 Nec
287 2161 511 2217 dependis,
547 2171 630 2198 nec
660 2156 914 2212 propendis‚
939 2158 1046 2211 quin
1066 2157 1204 2196 malus
1232 2169 1508 2214 nequamque
1537 2160 1598 2200 fis.

171 2241 248 2281 L1.
277 2240 362 2278 Vae
392 2234 496 2277 tibi!
557 2235 643 2274 LE.
677 2233 774 2272 Hoc
802 2231 1052 2272 testamento
1074 2232 1270 2272 Servitus
1303 2234 1414 2288 legat
1440 2236 1534 2276 tibi.
1616 2245 1678 2289 *40

166 2317 245 2357 L1.
276 2314 425 2352 Verbis
453 2311 752 2351 velitationem
779 2307 873 2347 fieri
902 2307 1133 2361 compendi
1163 2308 1279 2348 volo.

167 2390 288 2444 Quid
325 2387 431 2427 istuc
470 2385 639 2440 negotii
675 2383 762 2423 est?
820 2385 906 2424 LE.
939 2382 1117 2423 Certum
1161 2381 1239 2427 est,
1282 2383 1452 2424 credere
1481 2408 1536 2418 —-·
1595 2389 1674 2428 L1.

298 2462 305 2466 ‘
1049 2456 1261 2497 Audacter
1287 2457 1403 2498 licet.

165 2544 252 2586 LE·
285 2539 351 2578 Sis
378 2540 539 2578 amanti
570 2535 802 2577 subuenire
831 2532 1033 2574 familiari
1069 2531 1173 2578 filio,
1295 2518 1299 2520 V

162 2618 354 2657 Tantum
386 2613 497 2653 adest
526 2614 631 2652 boni
664 2607 903 2665 inprouiso,
935 2621 1086 2648 verum
1113 2607 1384 2650 commistum
1412 2613 1543 2654 malo.

162 2693 329 2734 Omnes
359 2690 412 2732 de
442 2690 568 2732 nobis
599 2686 852 2729 carnificum
883 2684 1300 2727 concelebrabuntur
1328 2685 1433 2727 dies.
1612 2703 1668 2743 43
