1742 2924
201 148 296 193 ⁴7¹⁴
706 136 910 185 muns
958 150 1207 194 otoaxosx

192 256 316 311 Aqua
341 269 474 311 aquae
507 255 643 306 sumi,
673 268 801 313 quam
829 258 938 298 haec
971 255 1049 304 est,
1086 267 1213 314 atque
1239 258 1311 301 ista
1335 261 1518 317 hospita.

191 333 250 374 Et
278 347 348 374 me
377 334 556 390 despexe
587 332 642 373 ad
671 341 714 372 te
745 345 823 387 per
851 329 1103 385 inpluuium
1130 345 1258 376 tuum

191 411 356 452 Fateor.
414 413 498 452 PE.
529 408 646 466 Quid
676 408 723 448 ni
749 409 928 455 fateare,
967 426 1045 467 ego
1076 413 1197 468 quod
1227 410 1442 453 viderim?

199 489 271 529 Sc.
303 487 387 527 Sed
417 486 777 528 Philocomasium
811 498 882 523 me
913 484 1061 527 vidisse
1091 485 1252 529 censui.
1307 500 1317 507 ¹

191 564 277 603 PE.
298 563 489 603 Ratusne
511 575 582 602 me
601 559 691 602 istic
708 558 935 601 hominem
953 565 1031 604 esI’e
1052 564 1253 607 omnium
1276 564 1451 607 minimi
1475 567 1616 624 pretii,
1638 583 1660 620 7
1668 583 1686 619 ς

188 635 235 677 Si
265 650 344 693 ego
374 651 446 676 me
473 635 633 678 sciente
665 647 831 691 paterer
859 636 1007 678 vicino
1043 644 1144 680 meo

186 709 296 752 Eam
328 710 422 751 fieri
450 713 566 767 apud
593 727 665 753 me
694 724 781 754 tam
811 711 1009 768 insignite
1037 712 1273 756 iniuriam?

192 792 265 831 Sc.
298 790 429 830 Nunc
457 789 633 830 demum
661 804 683 829 a
714 805 786 831 me
819 788 1068 846 insipienter
1095 788 1257 830 factum
1285 789 1366 829 effe
1394 788 1588 837 arbitror,

185 865 336 919 Quum
365 880 456 905 rem
489 867 722 922 cognosco:
754 878 917 908 atlnon
947 863 1158 905 malitiose
1187 860 1331 904 tamen

181 939 297 982 Feci.
332 944 421 982 PE.
445 943 584 983 Immo
612 940 805 998 indigne.
837 956 1025 998 namque
1048 939 1275 982 hominem
1291 940 1460 981 servom
1481 940 1578 981 suos
1635 941 1688 978 80

179 1014 384 1057 Domitos
414 1018 572 1059 habere
599 1030 772 1074 oportet
801 1019 949 1059 oculos
983 1026 1029 1056 et
1060 1030 1212 1056 manus

181 1090 538 1148 Orationemque.
593 1096 666 1136 Sc.
699 1093 882 1149 Egone?
915 1094 940 1132 fi
969 1093 1061 1150 post
1091 1094 1210 1134 hunc
1242 1090 1361 1132 diem

177 1167 450 1216 Muttinem,
483 1168 614 1210 etiam
644 1171 763 1225 quod
793 1179 966 1226 egomet
989 1178 1106 1209 certo
1143 1165 1290 1217 sciam,

177 1244 291 1285 Dato
322 1243 618 1285 excruciatum
647 1261 745 1288 me:
776 1254 948 1302 egomet
974 1245 1130 1284 dedam
1158 1256 1231 1283 me
1265 1241 1359 1284 tibi.

175 1319 309 1360 Nunc
327 1320 412 1360 hoc
426 1317 537 1359 mihi
555 1317 750 1377 ignoscas
766 1323 935 1375 quaeso.
955 1318 1232 1364 Pis-‚Vincam
1248 1321 1445 1360 animum
1459 1331 1622 1365 meum,
1634 1323 1684 1369 85

177 1396 247 1436 Ne
275 1392 490 1435 malitiose
514 1393 677 1437 factum
707 1393 754 1435 id
782 1395 862 1437 effe
890 1399 964 1437 abs
991 1409 1035 1438 te
1065 1395 1257 1438 arbitrer.

174 1471 400 1527 Ignoscam
427 1468 509 1511 tibi
543 1466 662 1511 istuc.
728 1473 802 1513 Sc.
822 1472 879 1511 At
906 1470 980 1511 Dii
1009 1469 1090 1512 tibi
1118 1469 1280 1512 faciant
1306 1469 1434 1510 bene.

173 1551 264 1594 PE·
294 1548 385 1588 Nae
410 1557 459 1587 tu
487 1547 654 1592 hercle,
687 1547 714 1585 fi
744 1555 787 1585 te
818 1543 893 1585 Dii
924 1558 1092 1594 ament,
1120 1545 1314 1602 linguam
1341 1542 1603 1599 comprime·

169 1626 371 1669 Posthac:
392 1617 534 1665 ·e'tiam
567 1621 696 1668 illud,
730 1623 848 1678 qnod
880 1621 1009 1668 scies,
1048 1617 1304 1662 nesciueris:

169 1706 238 1747 Ne
264 1700 440 1747 videris,
471 1699 591 1756 quod
621 1695 795 1738 videris.
843 1700 915 1740 Sc.
947 1697 1067 1738 Bene
1092 1710 1165 1737 me
1189 1709 1357 1738 mones.
1626 1709 1680 1750 90

169 1784 232 1823 Ita
261 1780 399 1821 facere
431 1787 599 1818 certum
635 1771 703 1813 est.
736 1771 809 1812 sed
838 1771 976 1814 satine
1008 1785 1150 1815 oratus
1179 1769 1303 1814 abis?
1345 1756 1352 1765 ἡ

171 1854 403 1911 Numquid
431 1866 551 1893 nunc
579 1847 700 1889 aliud
737 1863 810 1889 me
841 1847 940 1890 vis?
998 1849 1088 1890 pn,
1114 1849 1181 1889 Ne
1207 1862 1280 1889 me
1310 1847 1507 1890 noueris.

178 1936 251 1974 Sc.
283 1929 417 1972 Dedit
448 1927 522 1967 hic
554 1923 665 1965 mihi
695 1926 839 1972 verba,
871 1938 1002 1979 quam
1029 1923 1219 1981 benigne
1245 1922 1427 1981 gratiam

126 2002 129 2005 ⁵
167 2006 315 2054 Fecit,
342 2019 399 2046 ne
427 2002 559 2044 iratus
587 2000 707 2043 effet!
738 1999 823 2043 scio
853 2015 984 2058 quam
1011 2016 1104 2042 rem
1136 2012 1275 2058 gerat}

167 2084 225 2124 Vt
253 2081 401 2128 miles,
431 2094 568 2135 quum
599 2080 822 2135 extemplo
846 2093 869 2119 a
899 2078 992 2121 foro
1023 2077 1227 2119 adueniat
1256 2076 1452 2123 domum,
1556 2108 1558 2111 v
1621 2091 1673 2132 95
1728 2062 1737 2082 ⁵

107 2216 109 2219 7
166 2155 303 2199 Domi
335 2154 691 2210 comprehendat.
730 2166 816 2193 vna
848 2150 922 2194 hic
951 2167 995 2196 et
1016 2152 1239 2195 Palaestrio
1298 2156 1310 2166 “
1706 2199 1742 2232 ,1

165 2234 243 2274 Me
273 2230 438 2273 habent
463 2231 687 2271 venalem:
729 2228 856 2276 sensi,
896 2233 938 2271 et
962 2227 1050 2271 iam
1075 2230 1240 2271 dudum
1269 2228 1371 2272 scio.

163 2305 597 2363 Numquam·hercle
628 2319 679 2346 ex
710 2304 783 2346 ista
811 2306 920 2347 nassa
948 2318 1029 2361 ego
1061 2305 1193 2347 hodie
1221 2304 1359 2346 escam
1387 2318 1548 2363 petam.
1725 2234 1742 2365 i

165 2386 281 2425 Nam
308 2381 397 2422 iam
426 2379 570 2436 aliquo
603 2380 839 2438 aufugiam,
876 2392 919 2422 et
944 2395 1017 2421 me
1047 2381 1277 2423 obcultabo
1319 2380 1487 2440 aliquot
1513 2386 1618 2437 dies,
1726 2365 1742 2425 fi

164 2461 284 2501 Dum
315 2460 395 2498 hae
426 2456 707 2498 consilescunt
736 2459 906 2504 turbae,
947 2467 1076 2512 atque
1105 2454 1191 2495 irae
1222 2457 1408 2502 leniunt,
1435 2491 1438 2494 ,
1596 2478 1678 2508 10,
1722 2418 1742 2509 ⁴17

163 2537 281 2578 Nam
306 2532 393 2575 iam
424 2546 546 2574 nunc
575 2532 674 2573 satis
705 2543 747 2574 et
773 2535 871 2590 plus
904 2531 1043 2574 nimio
1071 2531 1212 2575 merui
1239 2532 1357 2575 mali.
1723 2510 1742 2558 ²}

164 2614 322 2653 Verum
358 2609 591 2652 tamen·de
619 2625 691 2651 me
724 2608 940 2666 quidquid
964 2607 1043 2655 est,
1080 2606 1155 2651 ibo
1191 2607 1298 2666 hinc
1325 2612 1521 2657 domum.
1727 2565 1742 2684 ξ

165 2690 253 2736 Pu.
284 2686 376 2730 Illic
404 2686 510 2729 hinc
536 2683 742 2729 abaceffit.
778 2685 838 2726 sat
872 2684 1028 2742 edepol
1054 2693 1169 2727 certo
1200 2683 1302 2734 scio,
1724 2707 1742 2779 3
