1742 2892
142 133 174 182 8
453 177 455 179 ,
694 140 1101 181 Enoc-numm.

143 245 306 297 fuisse
336 245 607 312 inscripta,
651 263 809 312 quem
843 259 980 298 certe
1014 249 1231 297 titulum
1267 249 1368 298 vi'ri
1399 248 1564 308 docti,
1600 250 1658 300 in

143 313 520 378 antiquissimis
553 317 870 366 membranis
910 317 1168 374 Palatinis,
1215 327 1334 381 post
1367 319 1660 368 Truculen-

143 392 262 431 tum
294 394 616 448 repererunt,
653 384 742 432 sed
770 385 987 433 titulum
1022 384 1198 441 modo,
1229 383 1404 434 fabula
1434 387 1546 451 ipsa
1569 384 1661 434 de..

143 449 364 517 perdita.
446 453 807 517 Reperiuntur
855 464 1032 501 autem
1093 451 1236 517 apud
1288 454 1661 513 Grammaticos

143 529 348 569 veteres
374 535 480 567 non
515 519 678 568 modo
707 521 1084 585 quinquaginta
1117 531 1343 584 quatuor
1368 521 1497 582 loca,
1527 537 1662 585 quae

144 603 177 635 e
207 587 485 644 Plautinis,
532 589 897 653 superstitibus
935 588 1130 645 adhuc,
1180 587 1370 638 fabulis
1409 587 1662 641 dicuntur
1711 602 1714 603 ’

144 652 436 718 depromta,
471 672 729 719 nusquam
759 659 931 704 tamen
958 658 1014 703 in
1048 656 1111 704 iis
1144 656 1318 714 obuia,
1349 656 1438 704 sed
1465 667 1515 704 et
1537 672 1662 721 qua·
1691 673 1694 680 ¹

141 720 383 786 draginta
420 724 655 786 quinque
694 723 896 772 fabulae
937 724 1279 772 nominantur
1317 725 1556 785 amissae,
1598 734 1694 772 ex'

145 789 318 853 iisque
342 790 452 838 loca
476 792 702 839 citantur
725 793 933 856 triginta
966 803 1100 848 octo,
1136 791 1297 854 quid?
1333 791 1677 855 quod-quin-¹

145 858 396 922 quaginta
449 860 686 922 quinque
730 859 1012 907 laudantur
1054 861 1193 917 loca,
1250 876 1382 922 quae
1427 856 1665 926 Plautina

146 924 413 983 feruntur,
451 925 658 982 fabulis,
697 926 834 974 vnde
870 927 1025 990 petita
1063 927 1182 984 sint,
1219 943 1327 974 non
1361 927 1660 975 nominatis.
1715 983 1717 987 Α

144 994 275 1043 Non
316 1010 506 1042 errasse
544 1005 721 1042 autem
763 994 1013 1057 videntur
1047 995 1149 1042 viri
1188 993 1355 1052 docti,
1406 994 1499 1059 qui
1539 1011 1666 1042 mox

145 1061 335 1110 Plauto
374 1062 566 1109 tributa
602 1061 863 1119 dicerent,
909 1079 1042 1124 quae
1079 1079 1188 1110 non
1228 1063 1364 1120 eius,
1409 1062 1498 1110 sed
1528 1060 1667 1110 forte

144 1128 350 1178 ,Plautii
379 1129 601 1177 alicuius
614 1131 866 1179 Acuciive
887 1128 1130 1184 fuissent,
1156 1146 1278 1176 mox
1299 1131 1353 1176 in
1379 1129 1667 1195 fragmenta
1738 1134 1742 1138 “

144 1211 258 1243 esse
305 1186 559 1260 ablegata,
615 1192 773 1259 quae,
821 1198 1058 1260 pauculis
1094 1198 1330 1252 mutatis,
1378 1198 1430 1243 in
1474 1198 1668 1262 viginti

144 1263 340 1312 :nostris
365 1263 535 1312 Plauti
566 1262 753 1310 fabulis
781 1274 996 1317 exstent,
1019 1281 1143 1310 mox
1172 1263 1403 1326 denique
1423 1264 1667 1312 alicunde

142 1330 333 1400 petita,
367 1342 470 1379 aut.
493 1347 521 1378 a
547 1332 915 1380 Grammaticis
945 1329 1159 1378 conficta
1193 1332 1343 1395 ipsis,
1393 1348 1490 1395 pro
1516 1332 1667 1380 Plau-

145 1398 272 1446 tinis
297 1398 505 1447 vendita
537 1415 643 1446 esse
669 1410 823 1461 atque
849 1399 1131 1462 diuulgata.
1185 1397 1484 1472 Querolum,
1506 1415 1666 1462 quam

144 1464 379 1514 ,fabulam
415 1465 615 1523 Gildas,
655 1467 961 1521 Britannus,
1007 1482 1131 1513 saec.
1160 1470 1204 1513 6.
1239 1467 1402 1513 multa
1437 1484 1465 1515 e
1496 1467 1683 1523 Plauti,

146 1534 418 1583 Aulularia
457 1546 744 1592 mutuatus,
782 1551 880 1600 pro
909 1535 1144 1583 Plautina
1181 1533 1432 1592 vendidit,
1458 1539 1675 1590 ‚Par-eus.

147 1599 371 1651 editioni
405 1619 529 1651 suae
565 1603 799 1651 subiecit.
1682 1612 1686 1616 '

468 1787 575 1833 DE
634 1786 989 1834 Monissvs
1045 1787 1345 1850 PLAVTI.

253 1874 400 1938 Quae
429 1870 571 1935 apud
597 1872 904 1928 Horatium,
944 1870 1197 1918 Ovidium
1227 1871 1460 1933 aliosque
1488 1881 1667 1935 poetas

151 1953 423 1995 romanos,
468 1939 713 1987 lasciuius
751 1937 911 1993 dicta,
947 1939 1205 2002 pudorem
1240 1939 1668 1994 incusanturdob-

152 2005 371 2055 {endere
408 2018 729 2069 morumque.
773 2007 989 2052 castitati
1035 2007 1298 2059 nocitura,
1357 2022 1411 2052 ea
1452 2005 1668 2068 quidem

153 2090 219 2124 eo
261 2072 466 2122 facilius
496 2084 749 2137 putantur
781 2074 997 2128 saeculi,
1045 2091 1152 2134 quo
1191 2075 1377 2138 scripta
1413 2086 1563 2132 sunt,
1587 2074 1671 2122 sli-

155 2143 355 2190 centiae
385 2140 751 2197 condonanda,
790 2157 895 2203 quo
928 2143 1198 2204 panciores
1225 2142 1513 2198 iuuenum,
1546 2158 1670 2206 prae

154 2209 342 2257 ceteris
372 2208 794 2264 libidinosorum,
833 2210 987 2255 latine
1025 2209 1193 2257 solent
1220 2225 1327 2257 esse
1361 2208 1667 2266 doctissimi,

108 2294 111 2296 ‘
153 2287 208 2324 et
243 2293 350 2339 quo
387 2278 565 2324 minus
595 2293 624 2324 e
647 2276 795 2323 Latio
818 2276 923 2340 peti
958 2292 1163 2324 necesse
1202 2288 1275 2324 est
1307 2276 1547 2324 lasciuiae
1582 2292 1671 2340 pa-

153 2342 369 2400 bulum,
418 2345 570 2391 cuius
600 2344 653 2390 in
692 2344 816 2407 ipsis
852 2344 1114 2391 theodisce
1148 2344 1350 2408 scriptis
1379 2344 1671 2393 conuersis-

155 2411 267 2475 que'
294 2411 440 2459 libris
474 2412 677 2475 copiam
709 2411 982 2473 subpetere
1022 2412 1213 2459 scimus
1255 2411 1374 2459 satis
1410 2427 1668 2475 magnam.

154 2479 373 2529 Plautus
409 2495 561 2534 vem,
611 2478 730 2524 licet
764 2478 1031 2525 interdum
1062 2495 1154 2529 seu
1188 2479 1317 2525 vitio
1360 2479 1547 2526 saeculi
1586 2477 1670 2525 sui

159 2562 423 2610 peccasse,
458 2562 549 2593 seu
579 2561 750 2592 mores
782 2546 1107 2599 nebulonum
1149 2545 1303 2593 nimis
1341 2563 1460 2594 vere
1498 2545 1670 2593 videa-
1702 2567 1708 2574 .

157 2623 254 2661 tur‘
283 2614 614 2678 expressisse,
663 2623 863 2659 tantun]
896 2624 1067 2660 tamen
1103 2612 1264 2668 abest,
1304 2624 1357 2659 vt
1389 2613 1451 2662 ad
1489 2615 1672 2679 nequi·
1711 2649 1715 2652 -

156 2682 287 2732 tiam
323 2682 536 2730 inritare
578 2680 836 2739 voluerit,
891 2692 946 2730 vt
983 2682 1258 2730 abstractos
1291 2681 1466 2746 potius
1510 2679 1572 2728 ab
1613 2696 1674 2728 ea
