1742 2924
175 170 267 214 232
786 190 1051 239 cAsuzae

181 281 254 321 δι’.
285 281 461 338 Edepol-
480 281 560 343 ego
587 291 706 332 illam
734 296 925 338 mediam
959 300 1177 358 diruptam
1207 306 1353 351 velim.

183 357 268 397 02.
302 358 442 402 Credo
470 364 624 420 edepol
655 369 759 416 effe,
791 373 998 428 liquidem
1027 388 1074 418 tu
1101 379 1212 436 frugi
1243 383 1382 424 bonae
1412 396 1469 424 es.

172 430 330 472 Verum
361 436 515 491 edepol
546 450 617 481 tua
646 446 757 485 mihi
788 448 929 491 odiosa
958 451 1013 491 est
1041 457 1221 497 amatio:

171 507 355 548 Inimica
381 512 437 552 est
470 525 541 556 tua
577 533 684 559 vxor
713 524 845 571 mihi,
888 528 1093 570 inimicus
1121 530 1247 579 filius,

169 582 344 624 Inimici
371 585 615 634 familiares.
681 598 752 638 ST.
784 600 901 654 Quid
935 603 979 643 id
1007 605 1137 646 refert
1169 609 1274 649 tua?

166 657 396 701 Vnusftibi
426 664 498 706 hic
525 668 630 708 dum
662 676 875 728 propitius
905 678 952 717 fit
979 681 1151 735 Iupiter,

171 732 242 774 Tu
272 735 368 778 istos
400 742 593 785 minutos
626 760 731 787 caue
763 750 865 792 deos
902 752 1026 795 flocci
1054 756 1220 799 feceris.

131 792 134 795 .
178 809 262 851 01„
292 812 444 869 Nugae
476 816 575 860 sunt
603 821 701 862 istae
732 839 923 882 magnae.
955 833 1067 885 quali
1097 844 1142 874 tu
1172 820 1362 887 nescias,-

166 884 364 941 Repente
395 900 443 931 vt
467 897 733 940 emoriantur
767 902 948 944 humani
977 907 1115 948 Ioves.

169 959 255 1001 Sed
288 965 462 1007 tandem
493 971 519 1008 fi
551 982 598 1011 tu
625 975 790 1030 Iupiter
820 980 866 1020 fis
897 992 1132 1032 emortuuS‚

170 1034 319 1089 Quom
351 1042 403 1081 ad
433 1045 548 1085 Deos
580 1050 767 1092 minores
798 1055 974 1098 redierit
1005 1066 1188 1114 regnum
1217 1069 1357 1111 tuum,

171 1110 283 1165 Quis
316 1118 427 1157 mihi
459 1119 684 1166 subueniet
709 1138 850 1184 tergo,
887 1142 960 1171 aut
987 1136 1139 1188 capiti,
1169 1148 1241 1177 aut
1269 1141 1497 1182 cruribus?

176 1188 251 1230 ST.
283 1190 505 1244 Opinione
534 1202 691 1241 melius
719 1217 783 1244 res
815 1205 894 1245 tibi
925 1209 1077 1249 habeat
1106 1220 1191 1258 tua,

170 1262 218 1303 Si
249 1265 333 1307 hoc
365 1270 653 1325 inpetramus‚
694 1288 741 1318 vt
771 1293 849 1336 ego
883 1295 983 1323 cum
1011 1284 1158 1326 Casina
1188 1291 1357 1330 cubem.

177 1340 262 1380 02.
292 1341 417 1390 Non,
451 1347 620 1398 hercle,
652 1355 808 1408 opinor
835 1357 972 1410 polle,
1012 1360 1070 1400 ita
1100 1376 1208 1402 vxor
1240 1366 1393 1405 acriter

169 1415 267 1455 Tua
298 1419 442 1468 instat,
474 1435 529 1463 ne
557 1428 670 1466 mihi
702 1429 838 1472 detur.
905 1436 976 1475 Sr.
1007 1437 1061 1477 At
1090 1451 1169 1492 ego
1203 1439 1258 1480 fic
1287 1453 1431 1495 agam:

169 1489 417 1536 Coniiciam
447 1497 570 1540 fortis
602 1503 648 1540 in
678 1505 878 1555 fitellam‚
919 1520 962 1550 et
992 1509 1139 1552 sortiar

168 1566 275 1607 Tibi
305 1581 347 1611 et
379 1571 576 1616 Chalino.
611 1579 668 1619 ita
699 1593 789 1621 rem
822 1595 967 1625 natam
999 1587 1216 1643 intellego.

167 1643 397 1688 Necessum
429 1650 485 1689 est
509 1654 636 1693 vorfis
666 1656 820 1710 gladiis
852 1659 1149 1717 depugnarier.

177 1719 263 1761 ΟΕ.
299 1721 417 1776 Quid
448 1726 473 1764 fi
499 1725 588 1769 fors
620 1733 756 1779 aliter,
787 1748 916 1789 quam
945 1739 1087 1786 voles,
1121 1743 1348 1784 euenerit‘?

177 1797 251 1836 ST.
280 1797 513 1842 Benedice.
574 1805 653 1846 Dis
680 1806 774 1848 sum
804 1809 961 1859 fretus,
1002 1815 1117 1856 Deos
1146 1816 1424 1870 sperabimus.

177 1872 261 1912 01„
296 1873 397 1914 Non
428 1889 506 1933 ego
535 1878 640 1920 istuc
670 1885 853 1925 verbum
885 1888 1068 1930 emiffim
1097 1893 1329 1933 titiuilitio.

168 1945 283 1986 Nam
311 1962 463 1991 omnes
491 1957 690 1997 mortales
721 1960 817 2001 Diis
847 1961 945 2005 sunt
975 1965 1093 2006 fretiz
1124 1966 1194 2006 sed
1224 1978 1367 2008 tamen

121 2077 123 2079 ι
169 2032 270 2074 Vidi
299 2050 379 2091 ego
408 2029 513 2069 Deis
541 2029 673 2072 fretos
703 2033 826 2090 saepe
859 2041 1021 2081 multos
1049 2042 1206 2097 decipi.

178 2113 251 2154 Sr.
282 2114 397 2154 Tace
426 2126 590 2167 parum.
638 2113 721 2154 01„
755 2112 875 2165 Quid
902 2116 999 2156 vis?
1047 2118 1118 2158 ST.
1146 2111 1310 2160 Eceum
1338 2118 1425 2158 exit
1450 2117 1563 2160 foras

170 2188 382 2230 Chalinus
408 2189 526 2229 intus
554 2200 654 2228 cum
684 2191 813 2230 fitella
843 2201 885 2231 et
913 2191 1109 2234 sortibus.

166 2245 303 2303 ‘N‘unc
333 2276 414 2304 nos
443 2263 623 2304 conlatis
655 2265 780 2322 [ignis
814 2267 1171 2324 depugnabimus.

461 2441 751 2483 AOTVS
807 2446 875 2486 11.
955 2446 1238 2488 SCENA
1295 2449 1377 2490 VI.

1619 476 1672 505 20

1620 860 1670 895 25

1620 1234 1672 1269 30

1613 1576 1671 1643 ⁴33

1618 1985 1674 2023 4ο

287 2552 642 2594 CLEOSTRATA‚
692 2554 975 2597 CHALINVS,
1018 2557 1266 2599 STAL1N0‚
1310 2559 1558 2592 OLYMPIO·

180 2672 184 2673 ν
227 2650 335 2692 Face
365 2651 546 2692 Chaline
575 2665 647 2692 me
679 2654 920 2699 certiorem,
950 2654 1055 2710 quid
1080 2668 1202 2695 meua
1230 2658 1297 2696 vir
1328 2670 1398 2697 me
1424 2659 1544 2699 velit.

182 2728 267 2770 Cn.
299 2729 373 2769 Ille
405 2730 559 2786 edepol
591 2732 740 2773 videre
766 2733 986 2775 ardentem
1014 2742 1056 2773 te
1084 2742 1195 2774 extra
1229 2743 1394 2789 portam
1420 2733 1613 2774 Metiam.
