1742 2924
191 159 291 218 640
745 208 747 210 ,
820 175 1137 223 Potzuvm¹

190 280 327 337 quue
358 281 464 323 adeo
492 284 540 322 in
567 280 670 324 istoc
701 295 855 324 aurum
886 281 992 323 inest
1025 281 1259 340 marsupio.

192 361 279 401 LY.
310 360 396 399 Vae
425 358 591 400 vostrae
619 357 769 400 aetati!
820 358 915 401 AD.
946 359 995 399 Id
1022 359 1202 415 quidem
1233 362 1280 399 in
1309 359 1478 402 mundo
1510 359 1568 403 est
1595 369 1710 404 tuae.

192 435 284 480 AG·
315 435 427 490 Age,
463 436 618 476 omitte
646 431 1092 482 actutum,'furcifer‚
1124 433 1420 492 marsupium:

191 510 425 553 Manifesta
449 509 531 552 fur
563 523 607 550 es
633 511 758 551 mihi.
793 511 950 567 quaeso
979 512 1126 553 hercle
1155 525 1334 568 operam
1363 511 1475 560 date,
1655 524 1711 563 40

191 588 311 628 Dum
341 600 413 626 me
442 587 626 627 videatis
655 585 828 627 seruum
858 588 912 627 ab
946 587 1033 628 hoc
1062 588 1292 629 abducere.

191 665 279 707 Lr.
311 664 443 704 Nunc
473 663 548 718 pol
570 675 649 717 ego
674 663 786 719 perii
818 673 961 709 certo,
993 662 1111 702 haud
1143 665 1384 705 arbitrario.

191 740 401 782 Consulto
428 739 513 779 hoc
542 738 705 779 factum
737 738 817 785 est,
845 740 959 780 mihi
985 750 1034 781 vt
1062 740 1238 781 insidiae
1265 740 1431 782 fierent.

192 817 279 858 Sed
308 815 416 872 quid
446 828 526 870 ego
559 815 712 856 dubito
745 815 895 871 fugere
924 816 1030 856 hinc
1055 817 1103 856 in
1131 818 1290 857 malam
1319 830 1506 865 crucem,

190 894 452 948 Priusquam
478 893 653 932 obtorto
684 891 795 932 collo
824 891 878 931 ad
906 902 1148 947 praetorem
1176 892 1354 934 trahor?
1660 905 1711 946 43

190 966 341 1010 Eheu!
375 981 506 1024 quam
535 980 615 1022 ego
647 967 779 1008 habui
809 968 966 1007 ariolos
998 967 1234 1023 aruspices!

191 1047 283 1102 Qui
314 1047 342 1086 fi
374 1045 482 1101 quid
514 1045 618 1085 boni
646 1044 935 1099 promittunt,
965 1057 1045 1097 pro
1076 1043 1201 1099 spiss'o
1229 1045 1401 1086 euenit:

191 1123 242 1163 ld
273 1120 393 1178 quod
424 1121 530 1160 mali
563 1121 839 1175 promittunt,
870 1117 1209 1173 praesentarium
1239 1106 1308 1162 est.

190 1199 325 1240 Nunc
353 1199 449 1244 ibo,
478 1197 641 1237 amicos
669 1194 906 1243 consulam,
939 1209 1026 1251 quo
1052 1209 1126 1235 me
1153 1195 1286 1237 modo

192 1273 469 1331 Suspendere
492 1285 682 1328 aequom
713 1269 916 1312 censeant
945 1271 1242 1327 potiffumum.
1666 1286 1718 1326 ς,

517 1454 777 1496 ACTVS
835 1453 926 1494 111.
997 1453 1259 1496 SCENA
1315 1454 1392 1495 VI.

371 1564 794 1606 AGonAs‘rocmzs,
849 1564 1214 1606 cOLLYmscvs,
1263 1564 1544 1596 ADvocATI.
1612 1589 1627 1602 l,

246 1667 335 1722 Age
366 1647 719 1720 tuffirogredere,
748 1671 796 1703 vt
825 1660 946 1702 testes
979 1663 1161 1702 videant
1189 1670 1232 1702 te
1262 1663 1322 1702 ire
1350 1660 1472 1702 istinc
1505 1661 1632 1705 foras.

191 1742 319 1786 Estne
337 1742 412 1782 hic
436 1739 582 1780 seruos
604 1739 760 1779 meus?
808 1739 887 1780 Co.
913 1739 1018 1779 Sum
1038 1738 1256 1779 mehercle
1274 1751 1394 1785 vern,
1416 1737 1714 1794 Agorastocles.

190 1818 285 1865 AG·
314 1816 437 1872 Quid
467 1827 589 1856 nunc
617 1813 783 1855 [celeste
814 1814 945 1854 leno?
1002 1813 1100 1855 AD.
1135 1814 1327 1868 Quicum
1356 1812 1513 1868 litigas,

190 1891 413 1938 Absceffit.
472 1889 563 1933 Aa.
596 1891 769 1931 Vtinam
803 1891 911 1931 hinc
942 1890 1097 1930 abierit
1125 1890 1283 1929 malam
1315 1885 1514 1929 crucem!

192 1971 293 2016 AD·
320 1971 384 2010 Ita
415 1980 495 2008 nos
524 1967 638 2008 velle
666 1980 854 2023 aequum
881 1965 949 2006 est.
1005 1962 1096 2007 Aa.
1123 1964 1225 2004 Cras
1251 1962 1512 2005 subscribam
1541 1963 1716 2005 homini

1089 2035 1244 2076 dicam.
1689 2046 1710 2083 5

202 2117 284 2160 Co.
314 2111 546 2168 Numquid
571 2109 676 2152 me?
733 2108 824 2153 Ae.
857 2108 1085 2151 Abscedas.
1117 2109 1258 2151 sumas
1285 2116 1486 2149 ornatum
1513 2117 1656 2150 tuum.

202 2193 283 2235 Co.
311 2190 415 2231 Non
444 2188 539 2228 sum
570 2185 869 2242 nequidquam
898 2186 1025 2225 miles
1056 2184 1217 2226 factus:
1249 2183 1475 2240 paululum

194 2267 384 2309 Praedae
414 2266 532 2305 intus
562 2262 671 2309 feci,
704 2262 809 2302 dum
839 2263 1011 2303 lenonis
1039 2259 1205 2301 familia

180 2343 438 2384 »Dormitatz
476 2339 582 2381 extis
612 2337 708 2377 sum
745 2336 857 2377 [atur
887 2337 1026 2378 factus
1056 2336 1204 2391 probe.

195 2416 436 2460 Abscedam
465 2416 572 2455 hinc
598 2415 728 2455 intro.
788 2411 880 2455 Ao.
911 2413 1091 2453 Factum
1118 2425 1142 2451 a
1169 2409 1296 2450 vobis
1326 2406 1520 2449 comiter.
1662 2417 1714 2447 xo

195 2494 368 2534 Bonam
399 2489 594 2536 dedistis,
623 2488 859 2534 Aduocati,
891 2500 1066 2540 operam
1095 2486 1221 2526 mihi.
1267 2520 1271 2526 ,

196 2569 307 2610 cras
334 2579 487 2612 mane,
519 2562 699 2619 quaeso,
742 2564 789 2602 in
824 2562 1018 2605 Comitio
1049 2562 1178 2604 estote
1208 2560 1395 2600 obuiam.

197 2644 272 2683 Tu
300 2641 476 2699 sequere
503 2653 575 2679 me
605 2641 734 2679 intro.
761 2651 841 2679 vos
870 2640 1025 2679 valete.
1083 2635 1182 2680 AD.
1213 2636 1270 2676 Et
1294 2643 1343 2675 tu
1372 2633 1480 2674 vale.

197 2719 411 2761 Iniuriam
436 2717 528 2758 illic
556 2715 756 2771 insignite
783 2712 985 2769 postulat:
