1742 2924
1332 0 1742 34 ”³5:2ssme

1311 45 1332 51 *⁸
1370 70 1372 73 .
1543 49 1556 63 x
1578 51 1591 63 Α.
1625 60 1629 69 ,

209 234 302 278 272
533 210 541 229 ¹
729 233 1190 276 οιεΤειιΑειιΔε

203 345 290 385 Aut
321 344 417 399 quis
445 343 563 381 Deus
595 333 756 381 obiecit
785 343 898 389 hanc
927 353 1027 383 ante
1055 344 1209 384 ostium
1240 345 1458 390 nostrum?
1489 353 1601 406 quali

202 420 361 461 Dedita
390 431 517 473 opera
546 418 592 456 in
620 413 817 471 tempore
844 417 935 474 ipso
965 420 1071 475 Spes
1099 423 1211 461 mihi
1238 412 1381 464 sancta
1407 423 1624 469 subuenit.

546 563 802 605 Achs
854 565 927 604 ιν.
997 554 1257 608 sc'ENA
1310 571 1369 611 11.

407 659 648 699 HALISCA‚
695 641 1078 708 Lszii’ADIscvs,
1126 633 1522 697 rHANosTRATA.
1562 654 1580 688 ‘-

259 735 347 777 Nisi
382 733 488 789 quid
519 734 632 772 mihi
664 734 758 788 opis
804 749 806 753 ’

202 813 261 850 Di
287 811 404 853 dant,
437 809 638 861 disperii:
672 821 814 863 neque
841 810 958 849 vnde
985 814 1197 853 auxilium
1224 825 1420 870 expetam
1447 819 1611 869 habe0;

202 889 352 941 Itaque
383 885 617 940 petulantia
648 897 743 923 mea
774 898 844 924 me
874 888 1009 927 animi
1039 890 1237 931 miseram
1266 891 1421 932 habet:

204 949 339 1015 Quae‘
361 963 406 1000 in
437 971 603 1015 tergum
634 972 780 998 meum
813 973 868 1000 ne
898 965 1069 1010 veniat,
1107 966 1221 1004 male
1248 964 1458 1015 formido;

204 1038 251 1077 Si
275 1038 378 1076 hera
408 1051 480 1076 me
512 1036 614 1075 sciat
645 1045 731 1075 tarn
766 1030 988 1078 socordem
1019 1038 1098 1079 effe
1124 1053 1255 1095 quam
1282 1039 1390 1082 sum.
1489 1044 1495 1057 “
1681 1062 1705 1098 5

201 1112 404 1167 Quamne
436 1113 482 1150 in
507 1111 708 1151 manibus
742 1114 865 1152 tenui
895 1122 1021 1168 atque
1050 1114 1201 1170 adcepi
1230 1117 1303 1156 hic
1327 1127 1426 1159 ante
1454 1117 1593 1160 aedis¹

199 1187 447 1230 Cistellam?
477 1187 553 1225 vbi
584 1200 631 1226 ea
655 1188 723 1234 fit,
760 1187 932 1236 nesci03
962 1190 1063 1235 nisi,
1091 1200 1138 1229 vt
1164 1192 1332 1245 opinor,

197 1266 310 1304 Loca
343 1264 450 1302 haec
479 1263 650 1302 circiter
677 1263 838 1303 excidit
870 1264 993 1303 mihi.
1022 1266 1084 1303 mi
1114 1266 1331 1315 homines,

198 1339 267 1379 Mi
303 1338 586 1394 spectatores,
617 1336 746 1376 facite
777 1338 1016 1384 indicium,
1048 1341 1073 1378 li
1103 1342 1200 1395 quis

198 1414 341 1460 Vidit,
382 1414 407 1451 si
441 1413 537 1467 quis
568 1426 661 1451 eam
690 1414 934 1460 abstulerit,
975 1415 1127 1467 quisue
1657 1437 1711 1465 10

201 1491 453 1536 sustulerit,
479 1498 536 1526 ·et
566 1499 707 1528 vtrum
738 1490 818 1528 hac
849 1503 900 1528 an
934 1490 1031 1528 illac
1063 1491 1144 1529 iter
1176 1489 1376 1530 institerit
1402 1515 1459 1522 —
1486 1515 1543 1523 —-

199 1546 302 1607 Non
335 1566 423 1604 sum
455 1564 617 1610 senior,
647 1577 755 1618 quae
788 1566 865 1604 hos
897 1578 1067 1619 rogem,
1100 1574 1173 1604 aut
1202 1549 1311 1620 quae
1339 1565 1532 1623 fatigem,
1568 1555 1569 1558 Ἴ

198 1642 288 1697 Qui
319 1640 483 1695 semper
510 1640 624 1677 malo
655 1641 859 1678 muliebri
889 1638 986 1679 sunt
1017 1640 1230 1680 lubentes.

196 1718 327 1759 Nunc
356 1716 529 1771 vestigia
558 1717 630 1754 hic
656 1714 684 1753 si
717 1729 798 1768 qua
833 1715 950 1761 sunt,
979 1714 1215 1756 noscitabo.

193 1794 310 1834 Nam
342 1793 367 1831 [i
398 1805 527 1831 nemo
557 1791 638 1829 hac
666 1792 906 1844 praeteriit,
934 1789 1156 1844 postquam
1186 1792 1301 1831 iutro
1332 1791 1437 1841 abii,
1598 1810 1619 1825 s
1653 1814 1704 1851 15
1741 1814 1742 1850 ᾖ

196 1867 363 1908 Cistella
394 1869 468 1907 hic
502 1868 667 1905 iaceret.
701 1866 828 1920 quid,
858 1861 963 1905 hic?
1001 1868 1154 1921 periit,
1191 1868 1360 1921 opinor.
1426 1908 1432 1914 f

193 1946 352 1984 Actum
388 1943 467 1982 est:
505 1943 623 1981 ilicet
656 1956 725 1981 me
755 1940 976 1981 infelicem
1008 1951 1052 1980 et
1079 1940 1304 1981 scelestam.

193 2020 322 2077 Nulla
356 2017 432 2063 est,
465 2030 604 2071 neque
633 2031 712 2072 ego
748 2016 840 2057 sum
876 2031 1072 2072 vsquam.
1104 2017 1267 2072 perdita
1296 2018 1488 2072 perdidit
1509 2035 1596 2063 me.

195 2095 282 2136 Sed
308 2099 511 2149 pergam,
541 2102 588 2130 vt
623 2083 772 2146 coepi,
803 2102 971 2132 tamen:
1006 2093 1269 2147 quaeritabo.

192 2171 305 2210 Nam
339 2179 382 2209 et
410 2170 528 2208 intus
561 2181 724 2222 pauco,
756 2179 798 2207 et
828 2167 933 2208 foris
964 2167 1180 2223 formido:
1214 2169 1273 2207 ita
1305 2181 1423 2210 nuuc
1647 2193 1702 2221 20

191 2246 429 2300 Vtrobique
459 2257 529 2283 me
557 2252 698 2283 metus
732 2245 884 2298 agitat:
935 2243 1010 2282 illo
1040 2241 1140 2282 sunt
1165 2243 1367 2283 homines
1399 2246 1551 2287 misere

191 2320 357 2360 Miseri.
389 2321 462 2358 ille
498 2331 615 2357 nunc
645 2319 778 2357 laetus
809 2317 876 2364 est,
905 2319 1099 2372 quisquis
1131 2316 1199 2363 est,
1231 2319 1306 2371 qui
1337 2321 1449 2360 illam
1478 2323 1628 2366 habet:

190 2398 314 2451 Quae
346 2408 486 2449 neque
513 2394 583 2432 illa
613 2395 677 2431 illi
708 2394 947 2448 quidquam
981 2391 1147 2431 vsui’st:
1196 2394 1306 2432 mihi
1333 2396 1413 2435 esse
1440 2397 1588 2451 potest.
1695 2408 1698 2411 ·

187 2471 274 2510 Sed
299 2481 462 2510 memet
491 2482 649 2516 moror,
678 2482 812 2522 quom
842 2470 927 2508 hoc
958 2481 1037 2522 ago
1069 2468 1217 2507 secius.
1258 2476 1262 2479 ·
1635 2468 1638 2469 ’

186 2544 377 2586 Halisca!
420 2547 504 2585 hoc
533 2557 631 2598 age,
669 2543 720 2582 ad
754 2553 905 2582 terram
937 2542 1127 2596 adspice,
1167 2553 1210 2583 et
1236 2541 1420 2598 dispice:
1645 2565 1696 2602 25

188 2622 341 2662 Oculis
370 2619 629 2674 inuestigatis
665 2618 796 2657 astute
825 2631 998 2674 augura.
1058 2620 1151 2658 LA.
1184 2619 1309 2657 Hera.

189 2698 280 2737 PH.
311 2696 440 2741 Hem,
479 2694 588 2750 quid
624 2693 710 2734 est?
758 2696 851 2735 LA.
874 2695 991 2734 Haec
1015 2692 1085 2733 est.
1135 2695 1226 2732 PH.
1248 2679 1407 2748 Quis?
1438 2696 1542 2736 ·LA.
1577 2696 1701 2752 Quoi»

1071 2764 1179 2804 haec
1210 2764 1371 2805 excidit
1398 2763 1574 2806 cistella:

1684 2843 1706 2874 :l
