1742 2924
169 187 263 234 251²
781 176 1049 220 cAsmAr.

164 293 304 334 Fateri
333 305 431 347 ergo
462 305 643 348 aequom
676 290 752 338 est,
783 292 891 347 quid
923 294 1043 345 intus
1072 291 1242 346 agitur?
1264 292 1392 347 *quid
1421 294 1510 348 agit
1623 307 1674 351 ²9

166 368 346 410 Canna?
377 367 497 408 [atin'
523 368 736 422 morigera
765 366 854 407 est?
920 368 1004 408 01„
1035 366 1178 406 Pudet
1210 366 1350 409 dicere
1378 344 1450 407 me
1474 369 1495 390 ¹*

174 446 255 487 CL.
288 443 485 485 Memora
515 443 688 490 ordine,
719 451 767 482 vt
796 443 1040 498 obceperas.
1096 443 1179 482 OL.
1210 441 1350 482 Pudet
1377 443 1534 484 hercle.
1588 443 1667 484 CL.

332 556 335 559 ,
1060 518 1158 573 ‘Age
1188 518 1404 558 audacter.

159 596 398 652 Postquam
417 592 671 640 decubuisti,
695 594 802 632 hinc
821 602 862 633 te
886 593 998 633 volo.
1012 606 1267 639 memorare,
1289 593 1394 649 qu'id
1419 592 1476 631 est
1495 591 1668 632 factum.

171 674 257 714 OL.
293 673 346 712 At
379 671 594 726 flagitium
624 668 693 708 est.
747 669 825 710 CL.
859 669 1088 709 Cauebunt
1118 671 1194 723 qui
1223 669 1465 714 audierint,
1500 665 1667 705 faciam.

172 749 258 790 OL.
278 749 300 771 '⁵
317 747 413 787 Hoc
434 747 576 785 maius
594 743 663 784 est.
699 745 778 785 CL.
796 743 978 784 Perdis?
1011 746 1117 800 quin
1141 754 1187 784 tu
1210 745 1382 800 pergis?
1411 745 1495 797 QL.
1509 742 1592 783 Vbi
1622 755 1667 791 ις

160 825 182 847 *
212 838 262 863 vs
295 822 443 864 subtus
475 834 603 877 porro
631 821 721 842 *μ’
1430 813 1433 819 ’

159 900 218 923 *¹*
248 899 367 955 quid.
417 898 501 938 01„
529 897 687 936 Babae.
729 895 808 935 CL.
836 893 989 946 Quid?
1038 896 1122 935 OL.
1142 896 1295 950 Papae.

159 976 212 998 *⁸*
242 973 311 1015 est.
366 975 450 1014 OL.
480 973 572 1016 Oh,
607 978 698 1011 erat
724 983 991 1009 maxumum.

157 1052 211 1075 ⁸*
240 1051 418 1091 haberet
447 1048 606 1088 metui:
639 1046 684 1085 id
715 1058 916 1101 quaerere
946 1045 1143 1102 obcoepi.
1206 1039 1211 1046 Χ

307 1126 330 1147 a*
479 1124 500 1146 ᾳ
650 1123 671 1144 *t
820 1122 840 1143 ιν
990 1123 1010 1144 *a

155 1202 292 1247 Dum,
324 1199 577 1255 gladiumne
607 1198 777 1244 habeat,
813 1208 987 1250 quaero,
1025 1197 1190 1253 adripio
1228 1201 1445 1255 capulum.
1616 1214 1667 1250 30

157 1277 257 1324 Sed,
294 1289 428 1332 quom
460 1275 620 1329 cogito,
648 1286 737 1313 non
768 1273 923 1312 habuit
958 1273 1168 1327 gladium5
1212 1288 1312 1315 nam
1343 1277 1441 1318 effet
1470 1275 1666 1333 frigidus.

1070 1352 1152 1392 CL.
1183 1351 1412 1405 Eloquere.

162 1432 250 1472 OL.
281 1429 336 1470 At
356 1427 504 1504 pudet.
543 1427 623 1469 CL.
645 1425 764 1469 Num
784 1426 904 1467 radix
931 1426 1045 1468 fuit?
1087 1428 1171 1467 01„
1189 1425 1288 1465 Non
1314 1426 1410 1468 fuit.
1451 1429 1530 1497 CL.
1549 1427 1669 1469 Num

1059 1501 1287 1542 cucumis?

161 1582 248 1623 01„
279 1577 481 1620 Profecto
510 1577 655 1617 hercle
685 1589 773 1616 non
804 1576 890 1616 fuit
919 1576 1158 1632 quidquam
1188 1577 1377 1623 olerum,

152 1657 267 1702 Νἰίὶ,
307 1654 523 1711 quidquid
551 1661 652 1701 erat,
697 1654 915 1693 calamitas
946 1653 1142 1706 profecto
1174 1652 1383 1708 adtigerat
1409 1666 1664 1711 numquam.

150 1733 214 1773 lta
244 1729 460 1787 quidquid
487 1736 599 1774 erat,
630 1728 790 1783 grande
821 1739 923 1769 erat.
1612 1743 1659 1779 35
1725 1724 1727 1726 ’

153 1809 256 1849 [Ην.
292 1806 412 1861 Quid
444 1804 497 1844 fit
533 1804 736 1860 denique,
775 1803 982 1844 edifferta.
1046 1804 1130 1844 ΟΕ.
1161 1802 1242 1841 Vbi
1275 1802 1458 1857 adpelle,
1499 1802 1663 1852 Oafina,

1056 1880 1250 1934 inquam,

147 1956 315 1998 Amabo
347 1969 443 1994 mea
472 1929 700 2000 vxorcula‚
734 1967 808 1993 cur
837 1955 980 1994 virum
1011 1962 1136 1993 tuum
1167 1953 1222 1993 fic
1254 1965 1326 1992 me
1352 1951 1552 2008 spernis?

111 2072 114 2075 .
148 2032 292 2074 Nimis
322 2039 370 2069 tu
404 2030 582 2085 quidem
617 2030 763 2070 hercle
789 2032 995 2070 inmerito

145 2108 252 2148 Meo
282 2106 395 2146 mihi
427 2105 535 2145 haec
564 2104 695 2145 facis:
727 2106 829 2160 quia
857 2106 970 2144 mihi
1001 2114 1044 2145 te
1079 2102 1284 2159 expetiui.

146 2185 227 2225 Illa
260 2180 379 2223 haud
405 2180 589 2221 verbum
625 2178 748 2227 facit,
791 2189 834 2220 et
859 2180 967 2236 sepit
998 2177 1110 2219 veste
1139 2178 1205 2225 id,
1238 2178 1314 2233 qui
1343 2176 1451 2218 estis,
1605 2191 1660 2229 40

146 2260 231 2299 Vbi
259 2259 384 2298 illum
418 2255 570 2296 saltum
599 2255 730 2295 video
762 2254 1004 2311 obseptum,
1029 2267 1132 2310 rogo
1158 2265 1206 2295 vt
1234 2254 1367 2294 altero
1396 2253 1500 2292 linat
1528 2254 1602 2294 ire.

144 2335 276 2381 Volo,
309 2344 358 2375 vt
391 2332 616 2373 obuertam
646 2330 905 2372 cubitiffim:
929 2333 982 2355 *²*

144 2409 292 2449 Vllum
319 2408 497 2449 muttite

149 2484 306 2539 Surgo,
338 2494 386 2523 vt
412 2483 578 2527 ineam,
615 2482 661 2520 in
693 2482 751 2504 Ἠ

148 2559 287 2614 Atque
318 2560 436 2598 illam
473 2560 520 2597 iu
548 2558 631 2580 *Η*
1602 2566 1655 2605 4ς

151 2637 255 2677 MV.
287 2633 511 2688 Perlepide
542 2641 696 2673 narrat.
727 2633 783 2656 *¹*
1408 2622 1410 2626 ¹
1453 2617 1460 2619 ‚

155 2710 239 2751 OL.
276 2708 455 2749 Sauium
486 2709 603 2732 *ss*

526 2406 617 2428 *Q*
