1742 2924
715 135 1067 197 raonoors

260 252 305 321 με,
557 263 1206 324 12„Ro1.oovs,

197 335 386 394 Salutem
413 350 603 402 primum
627 331 715 388 iam
748 360 771 386 a
795 346 1007 400 principio
1031 345 1263 407 propitsam

138 423 277 470 Mihi,
310 434 437 479 atque
467 424 613 470 vobis,
644 422 923 479 spectatores,
951 420 1125 459 nuntio.

136 497 327 553 Adporto
355 498 480 539 vobis
505 500 702 539 Plautum
733 498 907 552 lingua,
945 507 1036 534 non
1061 506 1208 540 manu.
1230 528 1235 531 t

136 556 305 626 Quaeso
330 575 605 630 vtubenignis
635 574 861 629 adcipiatis
885 570 1074 610 auribus.
1194 567 1197 569 ’

133 647 263 690 Nunc
289 660 588 704 atgumenturn
613 647 821 702 adcipite,
846 656 973 701 atque
1002 647 1198 685 animum
1227 640 1455 684 aduertite.

134 724 276 779 Quam
303 734 451 778 potero
478 726 524 764 in
551 725 678 764 verba
706 722 925 763 conferam
957 720 1230 776 pauciffuma.

119 797 269 853 ‘Atque
301 801 385 840 hoc
410 799 566 841 Poetae
590 799 751 840 faciunt
779 800 825 837 in
852 798 1131 839 Comoediis.'

128 874 309 914 Omneis
334 887 400 914 res
428 875 559 930 gestas
588 875 667 915 effe
692 875 871 915 Athenis
897 881 1138 918 autumant,

110 948 226 1002 ¹Quo
251 949 359 988 illud
385 952 510 990 vobis
540 951 748 990 Graecum
775 949 971 989 videatur
996 950 1156 1003 magis:

125 1024 215 1079 Ego
242 1037 453 1079 nusquam
485 1021 651 1071 dicam,
687 1025 762 1064 nifi
794 1024 869 1063 vbi
903 1023 1063 1064 factum
1093 1022 1265 1063 dicitur.

124 1100 262 1154 Atque
289 1100 394 1139 adeo
422 1101 506 1140 hoc
536 1110 836 1155 argumentum
867 1098 1112 1145 Graeciffat,
1151 1105 1296 1138 tamen

122 1175 225 1214 Non
252 1174 478 1222 Atticiffat‚
513 1189 664 1215 verum
698 1172 987 1235 Sicilicffffitat.

121 1250 238 1291 Huic
261 1261 514 1309 argumento
542 1250 810 1304 antelogium
840 1249 1017 1304 quidem
1051 1249 1137 1288 hoc
1163 1246 1260 1287 fuit.

119 1325 250 1366 Nunc
274 1337 575 1381 argumentum
602 1326 729 1365 vobis
759 1323 1012 1380 demensum
1040 1323 1166 1369 dabo,

114 1400 217 1441 Non
240 1401 403 1448 modio,
436 1414 578 1456 neque
605 1400 827 1446 trimodio‚
867 1404 1022 1451 verum
1054 1398 1144 1452 ipso
1170 1399 1338 1441 horreo,

115 1476 307 1515 Tantum
341 1476 394 1514 ad
424 1476 688 1516 narrandum
715 1486 1016 1530 argumentum
1042 1473 1154 1514 adest
1179 1470 1437 1526 benignitas.

136 1559 145 1581 ἰ
169 1549 386 1589 Mercator
422 1552 600 1606 quidam
631 1549 714 1591 fuit
740 1550 951 1602 Syracufis
979 1549 1121 1596 senex,

113 1623 167 1663 Ei
194 1624 292 1664 sunt
319 1626 410 1664 nati
442 1624 523 1664 filii
550 1627 714 1681 gemini
744 1626 846 1671 duo,

109 1699 171 1738 Ita
195 1697 333 1740 forma
364 1700 488 1738 fimili
518 1701 664 1754 pueri,
695 1702 761 1740 vti
785 1711 920 1740 mater
951 1698 1024 1739 sua

54 1773 56 1777 ’
109 1773 211 1814 Non
244 1773 471 1824 internosse
498 1762 654 1829 poffetss
686 1788 797 1830 ¹quae
825 1789 1060 1814 mammam
1087 1775 1238 1822 dabat;

108 1849 261 1904 Neque
290 1849 394 1889 adeo
424 1860 560 1889 mater
591 1847 700 1904 ipsa,
740 1862 848 1903 quae
880 1850 975 1889 illos
999 1861 1235 1904 pepererat,

109 1925 160 1963 Vt
190 1924 366 1978 quidem
392 1925 463 1963 ille
493 1925 601 1964 dixit
629 1924 762 1968 mihi,
801 1924 878 1977 qui
908 1937 1066 1978 pueros
1089 1924 1269 1965 viderat.

106 1999 198 2053 Ego
222 2000 318 2040 illos
346 2011 436 2039 non
464 1999 581 2044 vidi,
618 2011 674 2037 ne
704 1999 801 2052 quis
829 1997 1019 2038 vostrum
1053 2000 1231 2039 censeat.

103 2072 330 2130 Postquam
363 2075 448 2113 iam
473 2074 596 2130 pueri
623 2072 879 2127 septuennes
910 2072 1022 2122 sunt,
1055 2086 1176 2130 pater

104 2149 313 2189 Onerauit
346 2161 505 2188 nauem
534 2161 734 2203 magnam
765 2149 913 2188 multis
939 2151 1186 2191 mercibus

66 2241 73 2252 1
101 2223 277 2277 Inponit
305 2225 484 2263 alterum
514 2224 739 2277 geminum
770 2223 816 2262 in
843 2236 1001 2264 nauem
1026 2234 1174 2278 pater;

34 2293 38 2303 ⁸
102 2296 336 2337 Tarentum
370 2299 515 2337 auexit
545 2297 688 2337 secum
726 2297 779 2336 ad
811 2307 1048 2339 mercatum
1080 2300 1223 2339 simul:

99 2369 225 2409 Illum
247 2372 422 2425 reliquit
449 2373 628 2411 alterum
654 2371 770 2428 apud
798 2376 980 2412 matrem
1007 2372 1142 2414 domi.

102 2443 276 2484 Tarenti
300 2445 393 2485 ludi
417 2445 527 2487 forte
561 2456 703 2494 erant,
743 2461 875 2501 quom
903 2447 1006 2487 illuc
1029 2449 1177 2488 venit:

102 2517 301 2558 Mortales
332 2521 480 2567 multi,
510 2529 560 2559 vt
586 2522 638 2561 ad
673 2522 824 2568 ludos,
854 2532 1162 2563 conuenerant.

98 2586 211 2631 Puer
239 2593 453 2649 aberrauit
475 2597 588 2636 inter
611 2597 812 2638 homines
841 2610 864 2636 a
891 2605 1024 2652 patre.

99 2665 444 2721 Epidamniensis,
470 2670 648 2725 quidam·
675 2673 737 2713 ibi
772 2681 983 2714 mercator
1012 2669 1117 2711 fuit:

1552 146 1654 189 40⁷⁷

1571 1025 1620 1052 10

1565 1402 1611 1438 15

1558 1786 1609 1811 20

1549 2156 1596 2193 ²⁵

1504 2537 1591 2578 ,30
