1742 2924
436 232 446 235 >
523 221 687 261 ter-vs
721 206 805 261 111.
856 221 1020 264 semu
1048 207 1211 270 11.,111.
1531 221 1622 268 ²95

117 327 208 389 Ego
237 344 310 372 me
338 330 577 372 excruciare
607 331 744 372 animi
759 350 778 377 ,‹
798 330 910 386 quali
939 327 1047 385 quid
1076 328 1190 369 filine

112 406 242 448 Meus
268 406 509 462 deliquiffet
536 406 638 447 med
667 419 787 462 erga;
820 416 894 446 aut
922 405 1034 461 quali
1065 417 1155 446 non
1183 403 1422 459 plurimum

111 481 341 522 Malefacta
366 494 463 521 mea
490 483 620 523 effent
651 481 803 528 solida.
839 484 886 521 in
916 478 1216 522 adolescentia.
1562 493 1614 524 ιο

108 556 308 598 Profecto
339 557 570 598 deliramus
600 559 821 598 interdum
850 556 984 598 senes.

109 632 210 672 Fuit
237 631 512 673 conducibile
539 633 624 674 hoc
653 632 831 687 quidem
856 647 952 674 mea
986 633 1208 674 sententia.
1237 653 1294 665 --

107 707 194 748 Sed
222 720 346 747 meus
378 706 530 748 sodalis
558 709 593 750 it
622 721 722 748 cum
750 709 905 766 praeda
936 708 1188 765 Apoecides.

103 782 258 822 Venire
290 781 451 824 salvom
482 795 765 825 mercatorem
795 784 977 841 gaudeo·

106 857 223 912 Quid
242 855 328 898 fit?
356 861 437 899 Ar.
461 859 535 897 Dii
559 859 750 916 deaeque
769 870 810 900 te
830 860 1052 900 adiuuant.
1080 860 1164 900 ΡΒ.
1186 857 1330 898 Omen
1352 856 1505 913 placet.
1549 869 1603 907 15-

103 942 186 975 AP.
222 934 343 987 Quoi
371 934 510 973 omini
537 947 688 974 omnes
713 933 948 990 subpetunt
975 948 1041 975 res
1068 932 1310 990 prosperae.

100 1009 185 1049 Sed
214 1017 261 1047 tu
288 1010 400 1048 hanc
429 1010 542 1050 intro
569 1009 717 1049 iubeas
742 1010 911 1050 abduci.
972 1012 1056 1052 Px.
1088 1009 1208 1050 Heus
1235 1007 1348 1048 sorae

99 1084 224 1124 Exite
250 1084 338 1122 huc
365 1085 534 1138 aliquis.
566 1083 676 1125 duce
704 1083 823 1124 istam
851 1086 966 1125 intro
996 1085 1243 1129 mulierem,

97 1160 238 1213 Atque
261 1157 439 1199 audin’?
490 1161 594 1201 Smt.
625 1159 746 1213 Quid
773 1160 870 1202 vis?
907 1163 991 1201 Ριι.
1025 1160 1143 1200 Caue
1171 1159 1260 1199 liris
1289 1169 1389 1198 cum
1414 1153 1502 1195 filia

94 1233 201 1273 Mea
224 1235 413 1288 copulari
439 1235 576 1283 hanc;
607 1247 750 1290 neque
776 1235 1037 1291 conspicere.
1073 1236 1161 1275 iam
1189 1231 1343 1275 tenes?
1541 1243 1595 1272 ao

91 1308 146 1350 In
176 1309 415 1350 aediculam
444 1308 576 1350 istanc
608 1308 795 1350 seorsum
823 1310 1027 1352 concludi
1058 1310 1176 1351 volo.

90 1385 329 1425 Diuortunt
355 1398 498 1426 mores
527 1386 690 1442 virgini
718 1387 848 1442 longe
876 1399 927 1427 ac
952 1387 1093 1442 lupae.

89 1464 172 1502 Ar.
202 1461 340 1502 Docte
370 1471 413 1501 et
442 1459 655 1517 sapienter
687 1461 810 1502 dicis.
846 1475 939 1502 non
968 1463 1102 1502 nimie
1126 1461 1263 1518 potest

87 1535 352 1576 Pudicitiam
377 1537 607 1592 quisquam
636 1536 735 1578 suae
761 1535 932 1579 seruare
961 1537 1088 1578 filiae.

85 1610 253 1666 Edepol
281 1624 361 1651 nae
388 1611 506 1657 istam
533 1623 728 1669 tempore
754 1622 885 1668 gnato
913 1623 991 1654 tuo
1536 1624 1588 1662 κς

87 1685 248 1726 Sumus
278 1689 570 1740 praemercati.
615 1690 700 1730 Pa.
722 1689 842 1744 Quid
871 1688 992 1729 iam?
1034 1691 1116 1730 Ar.
1147 1686 1262 1741 Quia
1288 1685 1398 1726 dixit
1419 1685 1533 1725 mihi

83 1761 174 1802 Iam
205 1760 369 1800 dudum
395 1759 438 1799 se
469 1762 578 1803 alius
606 1773 732 1804 tuum
760 1764 911 1804 vidiss‘e
939 1764 1012 1804 hic
1040 1761 1197 1803 filium.

87 1837 171 1878 Pa.
200 1836 326 1877 Hanc
352 1835 507 1891 edepol
528 1850 619 1878 rem
649 1838 892 1894 adparabat.
944 1841 1026 1880 Δι’.
1056 1838 1189 1878 Plane
1210 1836 1353 1878 hercle
1371 1837 1459 1879 hoc
1488 1837 1580 1894 qui-

982 1911 1082 1953 dem
1111 1911 1180 1952 est.

82 1984 174 2025 Nae
201 1995 251 2026 tu
276 1986 411 2027 habes
440 1984 607 2025 servom
634 1988 888 2043 graphicum
922 1997 965 2028 et
993 1989 1215 2044 quantiuie
1241 1985 1392 2042 pretii!

16 2086 20 2091 -
80 2059 182 2100 Non
212 2060 355 2101 caru’st
384 2075 488 2102 auro
518 2070 680 2102 c‘ontra.
710 2072 759 2102 vt
788 2063 862 2104 ille
890 2062 1113 2103 fidicinam
1524 2076 1577 2113 30·

3 2126 11 2191 ’ᾗ
45 2132 197 2176 *Fecit
224 2134 387 2177 nescire
414 2135 608 2190 prorsus,
643 2135 686 2177 se
717 2137 797 2179 ess'e
826 2135 1017 2194 emptam
1045 2137 1150 2181 tibi!

75 2209 138 2250 lta
164 2210 443 2252 ridibundam
472 2221 601 2267 atque
627 2213 807 2254 hilarem
832 2214 922 2254 hnc
948 2213 1129 2255 adduxit
1161 2213 1295 2254 simul.

78 2285 164 2325 ΡΒ.
198 2286 360 2326 Mirum
388 2287 488 2333 hoc,
520 2289 596 2344 qui
626 2290 774 2342 potuit
798 2287 921 2329 fieri?
978 2292 1060 2331 Ar.
1090 2289 1157 2329 Te
1183 2303 1262 2343 pro
1289 2286 1382 2330 filio

75 2357 302 2400 Facturum
330 2362 439 2403 dixit
464 2374 559 2401 rem
588 2361 670 2403 effe
697 2362 897 2404 diuinam'
923 2363 1058 2411 domi,

80 2431 196 2488 Quia
220 2435 385 2476 Thebis
416 2436 550 2478 salvos
576 2436 766 2479 redierit.
812 2441 897 2480 ΡΒ.
925 2440 1058 2481 Recte
1086 2439 1253 2480 institit.
1521 2452 1571 2488 35

75 2500 324 2551 Ar.‘1mm0
349 2512 464 2567 ipsus
489 2513 554 2552 illi
585 2514 718 2560 dixit,
746 2514 1007 2555 conductam
1036 2515 1116 2556 effe
1147 2528 1256 2561 eam.
1325 2551 1331 2561 ,

2 2579 4 2583 ’
76 2579 200 2643 Quae
223 2584 297 2632 hic
324 2586 632 2629 administraret
659 2589 714 2629 ad
746 2602 837 2629 rem
866 2589 1065 2630 diuinam
1095 2591 1199 2630 tibi:

75 2654 304 2698 Facturum
330 2662 416 2702 hoc
443 2662 575 2710 dixit,
612 2676 707 2704 rem
734 2663 816 2704 effe
845 2664 1042 2706 diuinam
1069 2666 1152 2706 tibi
1183 2665 1317 2707 domi.

73 2728 167 2785 Ego
196 2731 285 2772 illic
314 2749 388 2776 me
416 2747 559 2779 autem
587 2739 642 2780 [ic
670 2738 958 2782 adlimilabam
991 2740 1105 2796 quali
