1742 2924
205 154 297 199 442
693 151 1244 215 M'ENAEc'umonvrm

510 265 795 310 ACTvs
851 271 898 310 V.
974 269 1390 323 SRCENA'VI.

786 357 1131 389 MESSENIO.

255 423 513 478 Spectamen
538 426 656 466 bono
689 423 811 464 seruo
845 426 890 464 id
918 425 996 471 est,
1027 427 1102 481 qui
1130 441 1222 468 rem
1249 428 1429 477 herilem

196 498 429 546 procurat,
458 500 602 546 videt,
631 501 853 545 conlocat,
883 502 1141 556 cogitatque,

196 575 252 615 Vt
281 574 457 616 absente
484 577 588 616 hero
623 588 715 614 rem
744 576 838 614 heri
869 575 1097 632 diligenter

196 652 406 699 Tutetur,
440 664 573 706 quam
605 651 631 690 fi
662 650 750 706 ipse
780 650 903 697 adsit,
935 661 1010 690 aut
1037 654 1209 694 rectius.

142 747 146 752 ¹
194 727 389 781 Tergum
418 740 550 781 quam
578 727 748 780 gulam,
778 737 898 766 crura
927 741 1059 782 quam
1087 738 1285 770 ventrem
1315 741 1488 785 oportet
1638 709 1703 784 ’,ς

193 804 370 843 Potiora
402 801 504 847 effe,
534 802 639 856 quoi
669 813 742 840 cor
767 801 956 841 modeste
985 802 1108 843 [itum
1139 800 1208 843 est.

191 878 460 919 Recordetur
491 876 558 924 id,
598 877 676 931 qui
703 877 833 916 nihili
862 876 980 923 suut,
1013 878 1119 933 quid
1147 879 1199 918 iis
1228 881 1359 934 pretii

193 957 330 995 Detur
361 955 412 993 ab
446 952 532 993 suis
563 952 704 999 heris,
736 954 931 1007 ignauia,
964 954 1162 1008 inprobis

193 1031 334 1078 Viris;
361 1029 564 1074 verbera,
596 1028 850 1083 compedes,
881 1031 1046 1075 molae,
1076 1041 1232 1085 magna

193 1103 434 1150 Lassitudo,
466 1103 624 1150 fames,
653 1102 788 1159 frigus
819 1105 1003 1143 durum:
1300 1140 1307 1142 .
1651 1121 1704 1150 10

194 1182 315 1222 Haec
345 1177 611 1235 pretiasunt
646 1180 862 1234 ignauiae.

193 1256 243 1298 ld
273 1269 352 1311 ego
384 1255 498 1294 male
526 1257 690 1295 malum
715 1264 890 1302 metuo;
921 1262 1147 1309 propterea
1180 1257 1348 1298 bonum

191 1330 286 1372 Effe
316 1340 482 1371 certum
513 1329 582 1377 est,
621 1332 766 1386 potius
796 1343 926 1384 quam
950 1330 1143 1370 malum:
1181 1345 1284 1372 nam
1309 1336 1446 1391 magis
1483 1336 1626 1378 multo

189 1409 337 1449 Patior
366 1405 535 1446 facilius
563 1407 715 1452 verba,
747 1406 923 1445 verbera
954 1418 1034 1459 ego
1068 1405 1155 1445 odi.

188 1484 429 1537 Nimioque
458 1480 539 1522 edo
570 1481 780 1520 libentius
809 1481 1038 1526 molitum,
1073 1494 1203 1535 quam
1655 1497 1709 1539 ις·

187 1559 398 1599 Molitum
425 1556 676 1609 praehibeo.
710 1566 935 1609 propterea
967 1556 1063 1594 heri
1095 1558 1331 1612 imperium

187 1632 407 1688 Exsequor
434 1634 570 1677 bene,
608 1639 651 1669 et
679 1629 822 1670 sedate
854 1630 1017 1679 ternio:
1314 1624 1321 1630 ³

187 1710 328 1763 Atque
356 1708 403 1749 id
431 1707 544 1747 mihi
573 1705 763 1762 prodest:
792 1706 865 1746 alti
896 1704 980 1746 sese
1015 1708 1075 1746 ita
1105 1717 1152 1747 vt
1180 1709 1226 1746 in
1257 1720 1349 1747 rem

187 1785 282 1825 Effe
310 1784 500 1829 ducunt,
531 1782 634 1831 smt3
673 1795 753 1836 ego
786 1783 844 1821 ita
877 1790 971 1828 ero,
1003 1791 1051 1822 vt
1076 1797 1147 1822 me
1177 1782 1257 1822 effe
1288 1793 1481 1839 oportet:

188 1862 364 1902 Metum
395 1868 445 1898 vt
470 1858 583 1898 mihi
615 1857 860 1903 adhibeam,
897 1858 1071 1912 culpam
1102 1858 1366 1900 abstineam:
1655 1880 1707 1906 ιο

189 1937 310 1977 Hero
340 1945 388 1975 vt
418 1935 622 1973 omnibus
653 1934 699 1971 in
729 1934 838 1972 lociS
871 1933 944 1971 [im
974 1933 1152 1988 praesto.

189 2012 339 2060 Serui,
373 2011 448 2064 qui
476 2010 600 2062 culpa
633 2017 781 2053 carent
813 2016 857 2046 et
882 2018 1108 2061 metuunt,
1150 2011 1184 2049 ii

188 2087 340 2128 Solent
368 2085 450 2125 effe-
477 2085 594 2124 heris
624 2084 814 2124 vtibiles.
850 2097 952 2124 nam
983 2085 1070 2131 illi,
1111 2086 1189 2139 qui
1219 2086 1331 2125 nihil

189 2163 421 2207 Metuant,
460 2159 684 2216 postquam
717 2159 883 2199 malum
911 2156 1199 2214 promeritum
1226 2160 1304 2209 est,
1335 2170 1554 2211 metuunt,

188 2237 388 2277 Metuam
419 2234 537 2275 haud
566 2236 773 2275 multum.
811 2248 950 2290 prope
982 2234 1062 2283 est,
1094 2235 1274 2291 quando
1654 2253 1703 2290 ²5

188 2314 354 2357 Herus,
391 2309 510 2366 quod
534 2309 702 2350 strenue
734 2308 915 2356 faciam,
948 2312 1142 2366 pretium
1173 2299 1373 2351 exsoluet.

187 2390 252 2430 Eo
282 2388 480 2442 exemplo
512 2385 676 2428 seruio,
710 2387 820 2440 tergi
849 2393 898 2423 vt
926 2384 972 2425 in
1002 2399 1093 2424 rem
1125 2385 1204 2424 effe
1235 2387 1431 2426 arbitror.

187 2463 418 2518 Postquam
455 2463 502 2504 in
528 2463 757 2501 *tabernam
790 2459 888 2500 vasa
919 2470 962 2500 et
992 2459 1136 2500 seruos
1173 2462 1418 2507 conlocaui,
1447 2469 1494 2501 vt
1520 2459 1705 2510 iuss'erat,

188 2542 251 2580 Ita
275 2539 406 2578 venio
433 2536 675 2579 aduersum.
709 2548 828 2576 nunc
853 2533 966 2575 fores
999 2535 1194 2590 pultabo,
1231 2534 1368 2574 adeffe
1403 2544 1451 2575 vt
1480 2549 1552 2576 me
1587 2535 1704 2578 [ciat.

187 2616 342 2671 Neque
364 2623 508 2672 vtrum
535 2625 586 2652 ex
607 2614 692 2653 hoe
709 2611 817 2653 saltu
845 2612 992 2651 damni
1012 2608 1176 2650 saluom
1196 2610 1283 2650 fcio
1304 2610 1476 2650 eliciam
1503 2609 1630 2653 foras.
1653 2625 1704 2661 30

188 2691 271 2731 Sed
301 2700 478 2735 metuo,
507 2701 564 2728 ne
597 2687 688 2728 sero
718 2690 916 2734 veniam,
945 2685 1194 2740 depugnato
1224 2687 1406 2739 proelio.
