1742 2924
191 188 284 234 194
715 188 1174 225 CVRCVLlole.
1241 232 1244 234 v

556 312 809 354 ACTVS
862 315 892 354 1.
963 315 1213 359 SCENA
1267 320 1332 360 11.

384 424 572 465 LENA,
619 425 1086 471 PRAEDIPONlVQJ
1125 429 1499 463 PALINVRVS.

241 531 340 573 Flos
370 531 529 571 veteris
558 530 655 567 vini
683 529 792 568 meis
820 530 995 570 naribus
1027 530 1223 571 obiectus
1254 532 1324 572 est.

183 610 292 650 Eius
325 620 445 648 amos
475 604 678 659 cupidam
706 619 777 644 me
804 607 891 645 huc
923 607 1097 659 prolicit
1126 621 1202 660 per
1236 609 1447 649 tenebras.

185 685 270 725 Vbi
298 683 376 723 vbi
400 681 486 721 est?
520 694 654 734 prope
672 693 744 719 me
774 680 843 720 est.
876 694 982 720 evax
1008 683 1162 723 habeo.
1221 684 1348 724 Salue
1378 686 1523 724 anime
1548 686 1626 732 mi,
1692 718 1694 720 ,

183 761 335 801 Liberi
362 761 496 813 lepos,
537 766 584 796 vt
613 758 771 796 veteris
803 756 958 798 vetusti
987 759 1144 811 cupida
1176 757 1293 799 sum!

181 838 298 879 Nam
331 836 531 876 omnium
562 830 836 887 vnguentum
865 834 973 873 odor
999 847 1098 886 prae
1128 843 1205 874 tuo
1239 845 1396 877 nautea
1425 836 1494 878 est.
1528 828 1531 842 ¹
1675 852 1696 890 5

181 915 254 955 Tu
282 911 395 953 mihi
420 908 572 953 stacte,
606 918 654 947 tu
682 907 1035 954 cinnamomum,
1076 920 1124 948 tu
1155 909 1261 956 rosa,
1626 891 1631 898 ι

181 991 255 1030 Tu
286 988 513 1035 crocinum
546 993 589 1022 et
618 983 721 1022 cafia
753 996 812 1028 es,
846 994 895 1022 tu
927 982 1152 1025 bdellium.
1180 1000 1283 1025 nam
1314 989 1392 1027 vbi

179 1067 251 1106 Tu
278 1060 503 1119 profusus,
541 1059 604 1099 ibi
631 1071 717 1114 ego‘
742 1072 815 1098 me
846 1061 1055 1114 peruelim
1084 1061 1305 1116 sepultam.

180 1141 266 1183 Sed
299 1152 437 1195 quum
467 1135 611 1175 adhuc
637 1135 738 1173 naso
772 1135 879 1175 odos
910 1134 1172 1191 obsequutus
1202 1152 1248 1178 es
1280 1152 1393 1186 meo,

177 1220 245 1259 Da
273 1211 458 1255 vicissim
479 1222 588 1253 rmeo
615 1211 785 1264 gutturi
812 1212 1036 1265 gaudium.
1643 1233 1695 1263 10

177 1292 304 1335 Nihil
332 1302 411 1345 ago
440 1297 599 1327 tecum.
635 1285 710 1324 vbi
743 1284 798 1323 est
832 1285 980 1340 ipsus?
1011 1286 1150 1342 ipsum
1183 1300 1340 1344 expeto

176 1370 399 1422 Tangere,
434 1365 662 1414 inuergere
691 1361 738 1398 in
768 1374 839 1399 me
870 1362 1061 1416 liquores
1090 1372 1189 1403 tuos

144 1454 147 1457 ’
179 1445 287 1485 Sino
320 1440 501 1481 ductim.
538 1435 612 1475 sed
642 1437 724 1475 hac
754 1436 873 1482 abiit,
900 1439 981 1476 hac
1011 1437 1248 1493 persequar.

180 1523 272 1561 PH.
303 1516 404 1556 Sitit
428 1515 536 1553 haec
559 1525 681 1551 anus.
738 1513 827 1552 ΡΛ,
855 1512 1130 1566 Quantillum
1151 1513 1266 1553 fitit‘?
1314 1514 1404 1553 Pa.
1426 1513 1600 1555 Modica
1623 1515 1693 1562 est,

179 1594 310 1649 Capit
337 1588 600 1646 quadrantal.
663 1588 754 1627 ΡΑ.
785 1588 888 1634 Pol,
924 1597 974 1626 vt
1004 1599 1048 1628 tu
1080 1589 1313 1642 praedicas,
1640 1607 1690 1644 15

176 1668 410 1712 Vindemia
443 1666 554 1705 haec
584 1663 692 1702 huic
722 1664 828 1701 anui
856 1676 947 1703 non
980 1662 1078 1702 satis
1115 1663 1170 1702 est
1197 1662 1289 1704 soli.

175 1747 346 1788 Canem
372 1740 452 1781 effe
481 1740 594 1778 hanc
624 1738 803 1793 quidem
832 1740 971 1793 magis
1001 1753 1076 1793 par
1096 1727 1212 1778 fuit:
1257 1739 1378 1794 sagax

175 1820 342 1863 Nasum
369 1817 514 1857 habet.
573 1815 660 1855 LE.
692 1815 879 1861 Amabo„
911 1815 1008 1855 cuia
1039 1827 1123 1853 vox
1152 1812 1274 1854 sonat
1301 1817 1486 1868 procul?

178 1901 271 1939 Pu.
302 1891 467 1934 Censeo
496 1891 612 1929 hanc
640 1890 942 1943 adpellandam
972 1902 1117 1929 anum.
1150 1889 1294 1929 adibo.
1331 1891 1438 1936 redi,

176 1973 234 2027 Et
259 1970 420 2025 respice
453 1966 506 2005 ad
533 1977 617 2008 me,
646 1965 756 2004 lena.
815 1967 901 2006 LE.
934 1967 1169 2018 Imperator
1198 1967 1294 2021 quis
1322 1964 1410 2006 est?
1527 2002 1529 2004 ,
1636 1986 1690 2014 20

178 2051 271 2090 PH.
298 2046 401 2085 Vini
428 2041 620 2098 pollenS,
651 2039 822 2093 lepidus
851 2041 995 2086 Liber,

175 2123 282 2163 Tibi
314 2122 390 2176 qui
423 2116 625 2159 screanti,
663 2115 816 2160 [icc-ae,
851 2114 1134 2155 semisomnae

175 2197 327 2239 Adfert
354 2195 605 2249 potionem,
638 2199 681 2228 et
710 2200 752 2230 te
781 2190 974 2231 sedatum
1009 2193 1055 2231 it.

178 2276 265 2316 LE.
298 2272 441 2326 Quam
476 2269 606 2320 longe
636 2279 656 2303 a
690 2279 761 2305 me
792 2265 938 2307 abest?
987 2268 1076 2305 Pa.
1111 2266 1281 2306 Lumen
1307 2265 1391 2305 hoc
1418 2266 1533 2322 vide.

177 2351 264 2390 LE.
287 2343 583 2395 *Grandiorem
612 2340 794 2395 gradum
821 2354 920 2396 ergo
952 2340 1019 2380 fac
1047 2340 1100 2380 ad
1129 2354 1222 2387 me,
1261 2339 1448 2381 obsecro.
1630 2362 1682 2399 25

180 2426 270 2466 PH.
304 2421 444 2461 Salue.
506 2418 590 2458 LE.
622 2415 759 2469 Egon’
784 2415 894 2455 salua
928 2416 1024 2472 fimg
1052 2428 1161 2470 quae
1190 2415 1254 2454 fiti
1287 2415 1546 2457 ficcavsum‘?

175 2501 267 2539 Pu.
297 2498 354 2550 At
378 2497 464 2534 iam
493 2491 630 2532 bibes.
686 2490 771 2529 LE.
803 2490 892 2529 Diu
911 2490 972 2530 fit.
1023 2491 1114 2530 PH.
1149 2490 1259 2530 Hem
1286 2491 1367 2530 tibi
1388 2505 1496 2532 anus
1525 2493 1680 2550 lepida.
1707 2468 1714 2479 ·

174 2576 261 2616 LE.
293 2571 435 2615 Salue,
466 2563 703 2607 oculissime
729 2565 877 2604 homo.
939 2566 1029 2606 ΡΑ.
1060 2565 1164 2619 Age,
1192 2563 1366 2605 effunde
1394 2567 1480 2608 hoe
1514 2570 1602 2610 cito

173 2650 225 2688 In
253 2645 530 2685 barathrum:
570 2652 752 2693 propere
780 2640 931 2694 prolue
958 2640 1161 2678 cloacam.
1223 2641 1313 2679 PH.
1345 2641 1474 2682 Tace.
1531 2647 1541 2656 ‘

174 2722 288 2763 Nolo
317 2721 424 2761 huic
455 2714 670 2759 maledici.
731 2715 822 2757 Pa.
853 2713 1025 2756 Faciam
1055 2714 1184 2770 igitur
1211 2704 1322 2754 m‘ale
1351 2717 1511 2770 potius.
1627 2697 1706 2770 30&
