1742 2924
227 192 319 240 554
505 187 846 227 manca-roms
887 188 1054 224 acrvs
1075 175 1136 225 V.
1181 190 1341 236 scum
1374 176 1463 231 IV.-

194 302 311 344 ¹L12
343 298 568 351 Eutyche,
607 299 720 338 hanc
745 298 846 339 volo
875 295 993 354 prius
1018 310 1113 338 rem
1144 294 1235 353 agi,
1275 297 1407 354 quam
1439 313 1587 344 meum
1616 299 1734 343 intro

688 369 690 372 ’
1124 367 1264 409 refero
1295 370 1466 425 pedem.
1681 384 1730 419 ςο

215 449 314 489 Er.
333 442 455 500 Quid
479 441 587 484 istuc
614 442 702 484 est?
762 444 850 484 Lr.
870 441 1002 482 Suam
1034 443 1218 498 quisque
1238 434 1371 488 h‘omo
1396 460 1489 487 rem
1511 443 1730 487 meminit.

1120 514 1334 570 responde
1359 514 1493 557 mihi:

211 591 388 632 Certon'
415 587 511 637 scis,
543 603 635 631 non
662 585 914 629 subcensere
942 584 1054 627 mihi
1077 597 1199 629 tuam
1230 591 1446 632 matrem?
1491 593 1584 633 Er.
1610 589 1724 632 Scio.

216 671 304 712 Lr.
326 659 448 708 Vide.
503 670 597 709 Er.
625 665 700 706 Me
724 662 839 705 vide.
891 666 980 705 Ly,
1001 663 1112 707 Satis
1137 667 1291 709 habeo.
1316 680 1359 710 at
1389 669 1543 724 quaeso
1568 669 1726 716 hercle,

385 748 387 753 ’
1118 734 1249 777 etiam
1275 735 1392 778 vide.

206 823 302 863 Er.
331 820 435 860 Non
460 815 572 858 mihi
606 813 775 856 credis?
822 815 909 855 Lr.
943 813 1085 853 Immo
1113 813 1257 859 credo,
1292 811 1365 853 sed
1394 824 1539 854 tamen
1567 821 1742 853 metuo.

1110 881 1251 924 miser.

199 968 303 1008 DE.
327 943 489 1004 Eamus
511 960 641 1002 intro.
673 962 766 1002 Er.
786 960 926 1001 Immo
946 957 1141 999 dicamus
1157 957 1332 1000 senibus
1347 962 1461 1019 leges
1478 965 1645 1026 censeo!
1666 982 1713 1020 55

115 1056 120 1058 ·
197 1040 502 1096 Prius,·quam
532 1039 750 1085 abeamus,
782 1051 887 1093 quas
918 1038 1033 1094 leges
1062 1046 1252 1085 teneant,
1287 1040 1568 1098 contentique
1596 1044 1687 1085 fint.

196 1119 349 1160 Annos
377 1124 504 1156 natus
536 1113 750 1170 sexaginta
779 1111 854 1168 qui
883 1109 998 1160 erit,⁴
1022 1113 1049 1152 fi
1076 1127 1207 1168 quem
1241 1111 1461 1163 scibimus,

196 1195 285 1235 Seu
314 1190 523 1232 maritum
551 1188 627 1230 seu
657 1174 811 1229 hercle*
836 1189 946 1227 adeo
977 1188 1203 1229 coelibem'
1223 1188 1455 1243 scortarier,

191 1269 321 1311 cum„
339 1281 390 1308 eo
418 1279 498 1307 nos
525 1263 600 1307 hic
631 1268 725 1322 lege
754 1278 954 1321 agemus:
990 1261 1194 1305 inscitum
1225 1263 1538 1310 arbitrabimur.

187 1345 354 1399 Etper
383 1355 464 1382 nos
494 1337 672 1396 quidem
704 1341 851 1380 hercle
879 1338 1037 1395 egebit,
1071 1337 1145 1395 qui
1174 1338 1302 1380 suum
1331 1342 1590 1398 prodegerit.
1653 1345 1707 1386 60

186 1422 289 1464 Neu
319 1414 551 1475 quisquam
582 1417 757 1474 posthac
786 1415 1015 1472 prohibeto
1048 1415 1365 1456 adolescentem
1397 1415 1554 1465 filium,

187 1498 312 1557 Quin
341 1506 456 1537 amet
486 1505 530 1535 et
552 1494 742 1534 scortum
771 1492 923 1533 ducat:
971 1493 1088 1548 quod
1119 1493 1236 1534 bono
1267 1492 1340 1533 fiat
1368 1493 1517 1534 modo.

186 1576 235 1620 Si
266 1573 363 1632 quis
392 1567 679 1630 prohibuerit,
713 1570 812 1624 plus
843 1568 997 1624 perdet
1028 1568 1153 1613 clam,
1186 1581 1317 1622 quam
1346 1570 1373 1608 fi
1403 1568 1700 1626 praehibuerit
1735 1602 1742 1630 ³

1089 1638 1246 1692 palam.

183 1723 305 1764 Haec
330 1719 452 1767 adeo,
481 1727 532 1759 vt
561 1732 614 1760 ex
641 1719 775 1758 hacce
803 1725 934 1756 nocte
961 1711 1154 1770 primum
1181 1715 1249 1755 lex
1278 1724 1424 1755 teneat
1447 1713 1582 1758 senes.

178 1802 300 1842 Bene
321 1798 475 1843 valete,
508 1805 636 1851 atque
656 1790 961 1839 adolescentes,
993 1793 1100 1832 haec
1130 1793 1158 1831 fi
1185 1788 1309 1832 vobis
1340 1790 1409 1830 lex
1437 1789 1591 1846 placet,
1640 1794 1690 1845 65
1724 1846 1727 1847 ⁷

178 1878 249 1921 Ob
278 1875 430 1918 senum
455 1872 602 1914 hercle
630 1866 900 1915 industriam,
926 1881 1006 1908 vos
1033 1880 1220 1924 aequom
1244 1866 1301 1908 est
1332 1866 1442 1907 clare
1470 1868 1686 1924 plaudere.
1718 1913 1733 1944 ,Ι

1695 1946 1697 1949 ’
1730 1944 1742 1964 «ἢ
