1742 2924
182 186 275 238 348
751 189 1131 229 mccmovu

178 280 382 340 Tertium
414 313 549 355 quum
579 307 729 352 portae
758 295 912 338 Scaeae
941 297 1077 337 limen
1103 284 1610 352 superuiu'tci'nderetur.

178 377 299 416 Paria
328 376 435 415 item
463 375 542 414 tria
573 373 633 413 eis
662 372 799 413 tribus
830 372 930 414 sunt
955 373 1041 418 fata
1068 373 1210 417 nostro
1232 375 1342 418 huic
1367 376 1470 427 Πίος

173 451 289 492 Nam
318 440 484 495 dudum
513 452 671 507 primo,
706 458 757 487 vt
789 448 979 489 dixeram
1011 449 1150 491 nostro
1177 448 1270 490 seni
1301 449 1580 495 mendacium

175 527 231 567 Et
260 527 313 571 de
342 526 524 585 hospite,
558 535 602 567 et
632 524 684 566 de
719 537 838 571 auro,
865 535 908 567 et
931 525 985 566 de
1016 526 1177 572 lembo,
1209 527 1273 569 ibi
1302 527 1467 584 lignum
1501 542 1553 571 ex
1591 543 1689 575 arce

847 588 851 596 ’
1055 603 1143 643 iam
1173 603 1343 647 abstuli,
1455 608 1458 612 ·

171 679 262 719 lam
281 676 370 720 duo
389 675 600 717 restabant
623 675 708 718 fata
727 685 833 723 tum,
861 689 944 719 uec
959 679 1097 733 magis
1114 677 1159 716 id
1180 692 1376 739 ceperam
1394 675 1619 734 oppidum.
1636 693 1654 728 3
1665 692 1685 732 ς

173 752 273 795 Post
302 753 377 792 vbi
407 752 581 791 tabellas
611 750 665 790 ad
694 751 837 795 senem
868 751 1018 799 detuli,
1054 753 1117 795 ibi
1149 754 1296 798 obeidi
1319 754 1535 798 Troilum.

174 831 324 885 Quum
356 826 522 869 censuit
553 828 870 870 Mnesilochum
899 841 1002 872 cum
1034 842 1167 870 vxore
1199 829 1278 872 effe
1314 828 1484 873 dudum
1516 828 1686 875 militis,

167 907 236 946 lbi
269 905 345 946 vix
371 918 443 950 me
470 904 646 951 exsolui.
677 913 806 961 atque
843 904 890 944 id
919 905 1133 965 periclum
1161 905 1375 952 adfinium
1418 904 1602 963 Vlyffem
1635 911 1686 947 vt

1079 981 1313 1027 medicant,

166 1057 408 1114 Cognitum
431 1058 484 1097 ab
496 1056 676 1101 Helena,
698 1055 777 1097 ess'e
795 1056 1019 1111 proditum
1033 994 1253 1099 tlljeeubae.
1272 1056 1344 1098 sed
1359 1065 1407 1097 vt
1425 1055 1531 1100 olim
1548 1054 1621 1098 ille
1640 1052 1683 1097 se

165 1132 398 1174 Blanditiis
429 1133 588 1173 exemit
618 1141 660 1171 et
690 1131 904 1185 persuasit,
938 1130 979 1174 [e
1010 1141 1058 1175 vt
1086 1132 1324 1175 amitteret:
1628 1142 1682 1181 49

164 1210 278 1251 Item
307 1222 385 1264 ego
418 1209 529 1250 dolis
559 1220 630 1251 me
660 1207 736 1247 illo
773 1208 922 1262 expuli
952 1208 1171 1262 periculo,
1213 1218 1254 1248 et
1285 1207 1437 1263 decepi
1468 1205 1626 1252 senem,

163 1283 313 1329 Postea
342 1297 443 1323 cum
469 1283 701 1339 magnifico
727 1284 880 1330 milite,
906 1285 1031 1328 vrbes
1054 1285 1199 1330 verbis
1227 1285 1302 1340 qui
1330 1284 1520 1323 inermus
1553 1280 1682 1335 capit,

161 1359 370 1405 Conflixi,
393 1369 520 1415 atque
546 1359 774 1402 hominem
794 1359 960 1412 repuli:
997 1360 1099 1400 dein
1126 1373 1316 1416 pugnam
1340 1357 1537 1400 conserui
1562 1354 1678 1400 [εηίς

161 1435 256 1490 Ego
290 1448 390 1476 eum
417 1434 526 1475 adeo
558 1447 647 1475 vno
674 1434 904 1475 mendacio
926 1433 1105 1483 deifici,
1133 1449 1222 1477 vno
1255 1435 1343 1481 ictu
1376 1432 1623 1488 extempulo

161 1509 273 1571 Cepi
305 1510 450 1567 spolia.
484 1511 519 1550 is
546 1522 664 1553 nunc
687 1509 898 1556 ducentos
929 1524 1087 1558 numos
1114 1511 1338 1572 Philippos
1367 1508 1515 1559 militi,
1621 1517 1673 1561 45

161 1586 286 1640 Quos
317 1586 418 1630 dare
450 1583 492 1626 se
517 1587 728 1642 promisit,
767 1586 899 1629 dabit.

159 1663 292 1702 Nunc
323 1663 462 1702 alteris
497 1662 627 1707 etiarn
660 1661 861 1705 ducentis
891 1661 991 1702 vsus
1023 1660 1093 1708 est,
1126 1663 1203 1717 qui
1234 1660 1538 1719 dispensentur

156 1737 240 1778 Ilio
269 1747 417 1792 capto:
457 1746 504 1775 vt
536 1737 582 1778 [it
613 1736 819 1783 mulsum,
850 1738 927 1796 qui
956 1737 1227 1795 triumphent
1253 1738 1431 1784 milites.

158 1812 244 1852 Sed
266 1812 463 1852 Priamus
490 1813 562 1852 hic
586 1813 729 1853 multo
759 1814 825 1852 illi
854 1812 1044 1871 praestat.
1067 1826 1157 1855 uon
1187 1813 1501 1868 quinquaginta
1524 1810 1672 1863 modo,

162 1888 520 1950 Quadringentos
549 1887 661 1934 filios
682 1890 836 1937 habet;
868 1899 998 1950 atque
1028 1887 1230 1943 equidem
1252 1902 1403 1934 omnes
1430 1890 1563 1934 lectos
1588 1888 1676 1933 line

1039 1963 1226 2025 probro:
1619 1975 1672 2019 50
1709 1956 1715 1966 ⁸

151 2039 240 2080 Eos
267 2052 345 2094 ego
376 2038 511 2079 hodie
545 2052 695 2081 omnes
727 2040 1026 2083 contruncabo
1052 2039 1222 2082 duobus
1250 2036 1350 2078 solis
1381 2038 1557 2084 ictibus,

151 2115 283 2163 Nunc
299 2115 473 2158 Priamo
503 2115 643 2157 nostro
670 2117 696 2156 fi
722 2115 778 2155 est
806 2117 902 2170 quis
932 2124 1118 2174 emptor,
1142 2113 1507 2174 coemptionalem
1523 2110 1675 2157 senem⁴
1710 2137 1714 2139 λ

149 2190 344 2236 Vendam
375 2203 470 2245 egO,
511 2192 712 2236 venalem
747 2194 879 2253 quem
910 2191 1066 2240 habeo¹
1103 2189 1318 2250 extemplo
1346 2189 1423 2234 vbi
1454 2186 1668 2248 oppidum

181 2316 184 2317 γ
1037 2277 1355 2322 expugnauero.

149 2341 236 2384 Sed
270 2342 495 2387 Priamum
539 2340 772 2388 adstantem
814 2354 965 2383 eccum
1004 2323 1103 2385 ante
1152 2348 1323 2395 portam
1351 2337 1497 2382 video,
1536 2334 1665 2382 adibo

313 2413 316 2417 ’
1032 2424 1160 2469 atque
1192 2413 1412 2474 adloquar,

150 2493 235 2539 IVz,
276 2490 486 2534 Cuianam
533 2504 619 2531 vox
668 2505 806 2553 prope
852 2503 927 2530 me
973 2489 1127 2536 sonat?
1209 2490 1294 2530 Cn.
1348 2488 1386 2531 O
1432 2486 1661 2533 Nicobule.

1032 2567 1117 2607 N1.
1149 2564 1270 2619 Quid
1303 2562 1384 2608 fit?
1428 2561 1547 2617 quid,
1611 2572 1667 2610 55.

149 2639 283 2697 Quod
327 2652 371 2682 te
410 2641 528 2687 mifi,
587 2642 743 2701 ecquid
793 2640 943 2696 egisti?
1026 2641 1113 2681 CH.
1156 2639 1331 2694 Rogas?
1387 2634 1659 2693 congredere,

1034 2717 1116 2754 Νι.
1153 2713 1436 2775 Congredior,
