1742 2924
179 102 318 170 '138‘'
738 101 1098 160 'RvnssNrns

178 234 352 276 Piscatu
383 246 502 275 nouo
532 243 604 274 me
633 223 1066 287 vberi.c0mpotiuit.

179 310 386 366 Miroque
412 309 546 349 modo
578 318 709 364 atque
739 308 986 350 incredibili
1017 309 1093 348 hic
1118 305 1304 369 piscatus
1331 308 1448 350 mihi

180 386 346 439 Lepide
376 386 550 425 euenit:
591 397 733 439 neque
763 382 949 438 piscium
981 384 1111 423 vllam
1139 367 1312 423 ⁹vnciam
1343 384 1476 426 hodie

179 459 335 500 Pondo
366 460 484 514 cepi,
515 459 593 499 nisi
624 461 731 504 hoc,
757 459 885 515 quod
916 457 1006 499 fero
1034 459 1110 498 hic
1140 460 1187 497 in
1215 468 1319 500 rete.

181 535 295 575 Nam
325 543 374 574 vt
403 534 457 573 de
488 543 617 575 nocte
644 534 782 573 multa
818 533 1077 588 inpigreque
1108 532 1339 581 exsurrexi.
1648 550 1700 580 ιο

183 611 374 650 Lucrum
405 608 634 664 praeposui
663 607 806 662 sopori
836 618 880 649 et
908 609 1070 664 quieti:

186 684 458 741 Tempestate
486 680 610 725 saeua
639 684 823 738 experiri
853 685 1060 740 expetiti&
1101 727 1105 730 >

186 761 489 816 Paupertatem
523 760 621 800 heri
650 760 726 815 qui
758 769 800 798 et
838 773 982 799 meam
1013 755 1273 812 sententiam

186 828 465 884 Tolerarem;
496 848 626 890 op'era
660 833 777 874 haud
801 822 864 874 fni
896 847 1048 890 parcus
1077 849 1189 878 mea.
1246 837 1390 879 Nimis
1419 837 1555 882 homo

186 913 312 953 Nihil
332 911 413 959 ests
425 914 503 968 qui
522 913 644 967 piger
661 909 743 950 est:
775 911 997 966 nimisque
1024 910 1070 950 id
1098 925 1237 967 genus
1263 914 1337 954 odi
1359 926 1440 969 ego
1465 916 1592 956 male.
1656 930 1701 967 ις
1741 955 1742 965 ,

187 989 374 1044 Vigilate
395 987 519 1028 decet
538 988 782 1032 hominem,
804 987 879 1039 qui
898 987 992 1028 volt
1011 985 1082 1026 sua
1101 989 1286 1043 tempori
1304 988 1517 1030 conficere
1540 989 1704 1033 officia:
1740 973 1742 1020 i

184 1063 288 1106 Non
322 1065 443 1104 enim
473 1063 599 1104 illum
629 1062 874 1116 exspectare
908 1071 1091 1117 oportet.
1120 1063 1226 1104 dum
1254 1065 1383 1105 herus
1421 1063 1464 1106 se
1494 1066 1548 1107 ad
1575 1062 1702 1109 suum

1075 1136 1252 1179 suscitet
1278 1138 1483 1187 officium.

187 1215 300 1256 Nam
325 1215 402 1270 qui
423 1213 652 1253 dormiunt
672 1213 869 1258 libenter,
898 1214 984 1252 fine
1004 1213 1126 1254 lucro
1150 1225 1192 1255 et
1208 1227 1311 1254 cum
1331 1217 1447 1257 malo
1468 1215 1707 1271 quiescunt.

186 1291 303 1332 Nam
342 1303 419 1346 ego
452 1300 572 1328 nunc
612 1287 739 1353 milii,
780 1290 858 1343 qui
888 1289 1059 1344 inpiger
1098 1289 1178 1335 fni,
1220 1293 1405 1346 repperi,
1437 1301 1486 1332 vt
1513 1295 1647 1350 piger,
1677 1297 1705 1336 fi

1071 1362 1227 1412 velim,
1268 1364 1383 1407 fiem.
1480 1416 1483 1418 q

188 1442 287 1483 Hoc
309 1454 389 1497 ego
410 1441 456 1480 in
475 1440 598 1484 mari,
627 1438 843 1494 quidquid
862 1436 983 1485 inest,
1002 1440 1164 1492 reperi:
1197 1440 1411 1497 quidquid
1432 1443 1550 1492 inest,
1572 1459 1707 1501 graue

1075 1514 1253 1568 quidem
1280 1514 1360 1564 est;
1404 1531 1557 1560 aurum
1655 1538 1705 1564 20
1735 1537 1742 1572 q

190 1593 276 1633 Hic
302 1605 380 1647 ego
410 1588 540 1629 iness'e
571 1602 689 1630 reor.
717 1601 798 1630 nec
823 1589 937 1629 mihi
965 1570 1163 1630 conscius
1191 1587 1247 1629 est
1276 1591 1388 1633 vllus
1408 1593 1556 1637 homo.
1586 1611 1705 1639 nunc

1073 1666 1182 1707 haec
1212 1662 1292 1707 tibi

188 1742 382 1787 occano,
417 1739 563 1794 Gripe,
595 1739 765 1796 obtigit,
799 1750 847 1780 vt
882 1740 1035 1782 liberet
1064 1754 1113 1781 ex
1140 1743 1305 1797 populo
1332 1742 1506 1785 Praetor
1535 1754 1593 1786 te.

185 1819 317 1861 Nunc
343 1818 398 1856 fic
418 1815 589 1863 faciam,
621 1817 676 1855 fic
703 1816 931 1857 confilium
961 1812 1030 1864 est,
1062 1816 1115 1857 ad
1137 1818 1290 1856 herum
1309 1828 1357 1858 vt
1377 1820 1553 1892 veniam
1575 1822 1704 1864 docte

1033 1927 1037 1932 .
1074 1902 1202 1947 atque
1232 1892 1386 1935 astute:

185 1968 466 2011 Pauxillatim
488 1966 764 2021 pollicitabor
793 1980 870 2021 pro
903 1968 1042 2021 capite
1075 1979 1312 2023 argentum,
1341 1978 1389 2009 vt
1421 1970 1495 2011 fim
1526 1971 1648 2013 liber.

188 2047 283 2086 lam
313 2044 392 2085 vbi
423 2044 534 2082 liber
568 2055 669 2089 ero,
712 2043 845 2097 igitur
880 2038 1084 2083 demum
1103 2041 1303 2083 instruam
1344 2057 1517 2098 agrum,
1561 2047 1703 2096 aedes,

1074 2118 1316 2172 mancipia:
1650 2136 1698 2172 ις

187 2193 388 2235 Nauibus
424 2194 594 2248 magnis
633 2204 918 2234 mercaturam
958 2191 1139 2234 faciam:
1186 2190 1299 2248 apud
1337 2205 1459 2248 reges
1496 2207 1570 2235 rex
1608 2209 1703 2250 per·

1071 2270 1278 2310 hibebor:

186 2340 285 2384 Post
314 2342 451 2381 animi
485 2339 608 2383 causa
639 2341 752 2382 mih'i
786 2354 947 2381 nauem
979 2339 1158 2391 faciam,
1204 2353 1333 2398 atque
1362 2342 1564 2387 imitabor
1591 2346 1702 2388 Stra-

1030 2412 1033 2413 ⁷
1069 2418 1289 2459 tonicum:

188 2494 358 2548 Oppida
391 2477 778 2535 circumnectabor.
810 2495 887 2535 vbi
919 2493 1123 2533 nobilitas
1151 2505 1248 2532 mea
1281 2493 1362 2532 erit
1391 2493 1514 2540 clara,

186 2570 413 2626 Oppidum
448 2582 660 2624 magnum
694 2570 1002 2612 communibo:
1048 2568 1104 2607 eii
1137 2580 1218 2622 ego
1249 2569 1344 2610 vrbi
1379 2567 1510 2625 Gripo
1548 2568 1699 2611 indam

1058 2654 1242 2690 vnomen,
