1742 2924
213 170 307 204 222
788 171 1093 220 'casmaz
1153 163 1155 165 ’

209 283 338 324 Hanc
367 282 526 323 Graece
553 280 734 338 scripsit,
764 283 856 340 post
884 286 930 326 id
961 289 1130 333 rursum
1158 273 1307 340 'denuo

209 359 361 399 Latine
391 359 571 399 Plautus
602 373 701 399 cum
732 361 902 424 lfflgti
929 366 1124 407 nomine.

209 435 349 475 Senex
379 435 453 474 hic
480 436 661 476 maritus
690 419 904 483 habitat?
916 439 956 478 ei
987 437 1043 478 est
1073 439 1203 490 filius,

202 512 242 552 Is
273 523 358 550 vna
388 523 488 550 cum
516 521 636 565 patre
665 512 711 550 in
740 511 876 551 illisce
907 513 1071 556 habitat
1096 518 1290 563 aedibus.

200 585 270 625 Est
304 587 344 624 ei
376 585 552 640 quidam
582 586 754 633 seruus,
793 589 870 642 qui
897 590 942 628 in
973 592 1125 634 morbo
1156 597 1309 646 cubat;

198 661 338 701 Immo
368 661 513 700 hercle
541 675 642 703 vero
673 663 720 701 in
748 663 884 714 lecto,
913 679 968 705 ne
998 668 1105 722 quid
1133 673 1330 716 mentiar.

197 738 260 801 Is.
274 738 435 783 seruos,
481 735 551 776 sed
584 736 744 777 abhinc
775 752 910 779 annos
942 738 1105 783 factum
1132 745 1189 785 est
1217 747 1418 798 sedecim,

199 813 349 868 Quom
381 811 653 866 conspicatus
685 812 740 852 est
769 815 908 869 primo
944 818 1195 872 crepusculo

128 899 131 903 ’
195 889 392 930 Puellam
417 890 590 941 exponi.
624 888 713 928 adit
745 891 958 944 extemplo
987 893 1042 932 ad
1069 897 1314 946 mulierem,

195 967 320 1021 Quae
344 965 464 1004 illam
496 966 760 1019 exponebat:
793 976 906 1012 orat,
936 976 986 1006 vt
1011 981 1107 1010 eam
1137 971 1211 1012 det
1242 973 1341 1014 fibi:

188 1045 369 1089 Exorat,
406 1040 566 1087 aufert,
598 1040 753 1081 detulit
783 1052 896 1082 recta
926 1042 1132 1085 domum:
1308 1092 1314 1101 .‚

188 1120 276 1160 Dat
304 1119 431 1158 herae
464 1116 587 1163 suae,
627 1125 737 1164 orat,
778 1127 827 1158 vt
855 1130 951 1157 eam
983 1129 1124 1167 curet,
1155 1108 1324 1166 educet‘.

186 1195 305 1252 Hera
336 1195 463 1239 facit,
494 1191 702 1232 educauit
726 1205 881 1247 magna
913 1194 1132 1242 industria,

188 1253 315 1327 Quasi
346 1271 374 1309 fi
403 1268 502 1308 effet
533 1280 585 1307 ex
615 1267 655 1307 se
685 1279 806 1314 nata,
839 1281 934 1322 non
958 1271 1098 1310 multo
1130 1269 1264 1313 secus·

182 1346 411 1401 Postquam
441 1343 632 1383 adoleuit
655 1342 708 1383 ad
739 1356 833 1382 eam
866 1353 1070 1391 aetatem,
1118 1350 1184 1388 vti
1212 1352 1321 1391 viria

180 1423 354 1464 Placere
386 1419 541 1473 poss'et:
582 1429 624 1458 at
650 1432 745 1459 eam
774 1420 960 1473 puellam
984 1423 1057 1463 hic
1088 1422 1215 1465 senex

180 1498 309 1539 Amat
339 1494 556 1540 efflictim,
593 1502 635 1532 et
662 1495 768 1534 item
795 1505 942 1535 contra
969 1495 1098 1538 filius.

181 1573 277 1613 Sibi
307 1584 429 1611 nunc
458 1578 638 1624 vterque
667 1580 813 1609 contra
848 1571 1042 1625 legiones
1071 1586 1203 1628 parat,

178 1649 307 1689 Pater
336 1632 562 1700 filiusque,
603 1646 713 1684 clam
741 1644 847 1685 alter
876 1646 1070 1688 alterum.
1110 1660 1117 1662 *

174 1723 302 1763 Pater
331 1720 548 1776 adlegauit
578 1721 799 1766 villicum,
835 1722 910 1775 qui
941 1721 1137 1777 posceret

104 1843 106 1849 ι
174 1799 270 1839 Sibi
302 1797 421 1838 istam
448 1810 648 1837 vxorem:
690 1798 725 1836 is
755 1796 914 1851 sperat,
947 1799 973 1836 fi
1006 1801 1064 1839 eii
1096 1801 1143 1841 fit
1172 1801 1286 1850 data:

175 1874 272 1914 Sibi
302 1873 398 1913 fore
427 1883 617 1928 paratas,
651 1872 759 1912 clam
791 1886 993 1919 onrem,
1026 1876 1227 1917 excubias
1256 1879 1372 1922 foris.

167 1949 306 1990 Filius
337 1959 482 1989 autem
513 1949 776 2007 armigerum
811 1947 1025 2002 adlegauit
1057 1949 1195 1999 suum,

171 2024 262 2078 Qui
291 2025 367 2063 fibi
400 2036 494 2063 eam
522 2034 699 2062 onrem
729 2021 885 2076 poscat.
918 2023 1017 2072 scit,
1050 2027 1077 2064 fi
1106 2026 1152 2065 id
1178 2028 1377 2082 inpetret‚

167 2100 407 2145 Futurum,
442 2097 561 2154 quod
593 2108 729 2145 amat,
767 2099 880 2138 intra
909 2100 1121 2156 praesepis
1149 2102 1256 2143 suas.

166 2176 281 2216 onr
309 2174 422 2215 senis
451 2173 575 2213 senfit
603 2174 749 2213 virum
781 2175 920 2214 amori
950 2190 1122 2231 operam
1151 2178 1266 2225 dare,

163 2249 394 2305 Propterea
423 2262 506 2289 vna
537 2246 751 2288 consentit
783 2262 883 2288 cum
912 2248 1015 2291 filio.

162 2325 238 2364 Ille
269 2334 414 2365 autem
445 2321 669 2379 postquam
699 2322 994 2364 senfinfilium
1023 2324 1149 2366 suum

163 2399 379 2440 Eamdem
409 2401 525 2439 illam
565 2413 728 2446 amare,
769 2410 812 2440 et
842 2398 920 2439 effe
943 2400 1250 2454 ‘inpedimento
1281 2404 1370 2452 fibi,

160 2474 282 2514 Hinc
311 2473 625 2516 adolescentem
657 2489 831 2531 peregre
860 2476 1075 2530 ablegauit
1101 2487 1235 2530 pater.

160 2548 312 2590 Sciens
345 2551 463 2597 eius,
497 2561 633 2591 mater
665 2553 705 2591 ei
736 2551 808 2591 dat
837 2564 1037 2606 operam,
1069 2550 1235 2599 absenti
1265 2562 1421 2600 tamen,

156 2624 220 2670 Is,
249 2637 305 2664 ne
335 2625 609 2681 exspectetis,
642 2626 773 2666 hodie
800 2628 846 2665 in
871 2628 951 2666 hac
982 2624 1221 2667 Comoedia

158 2699 208 2740 In
232 2692 387 2743 vrBem
419 2715 510 2744 non
538 2702 719 2744 redibit:
757 2703 932 2744 Plautus
961 2701 1128 2743 noluit:

1641 1196 1741 1262 43·

1639 1606 1691 1643 5ο

1629 1981 1721 2029 55-
