<?xml version="1.0" encoding="UTF-8"?>
<!DOCTYPE html PUBLIC "-//W3C//DTD XHTML 1.0 Transitional//EN"
    "http://www.w3.org/TR/xhtml1/DTD/xhtml1-transitional.dtd">
<html xmlns="http://www.w3.org/1999/xhtml" xml:lang="en" lang="en">
 <head>
  <title>
</title>
<meta http-equiv="Content-Type" content="text/html;charset=utf-8" />
  <meta name='ocr-system' content='tesseract 3.04.00' />
  <meta name='ocr-capabilities' content='ocr_page ocr_carea ocr_par ocr_line ocrx_word'/>
</head>
<body>
  <div class='ocr_page' id='page_1' title='image "./commentariusperp02plauuoft_0390.png"; bbox 0 0 1742 2924; ppageno 0'>
   <div class='ocr_carea' id='block_1_1' title="bbox 191 79 1195 136">
    <p class='ocr_par' dir='ltr' id='par_1_1' title="bbox 191 79 1195 136">
     <span class='ocr_line' id='line_1_1' title="bbox 191 79 1195 136; baseline 0.013 -13"><span class='ocrx_word' id='word_1_1' title='bbox 191 79 284 135; x_wconf 76' lang='lat'><strong>386</strong></span> <span class='ocrx_word' id='word_1_2' title='bbox 701 88 1195 136; x_wconf 66' lang='lat' dir='ltr'><strong>mosrutanxn</strong></span> 
     </span>
    </p>
   </div>
   <div class='ocr_carea' id='block_1_2' title="bbox 134 198 1607 492">
    <p class='ocr_par' dir='ltr' id='par_1_2' title="bbox 182 198 1383 256">
     <span class='ocr_line' id='line_1_2' title="bbox 182 198 1383 256; baseline 0.009 -16"><span class='ocrx_word' id='word_1_3' title='bbox 182 199 320 256; x_wconf 86' lang='lat' dir='ltr'><strong>Euge,</strong></span> <span class='ocrx_word' id='word_1_4' title='bbox 349 209 549 255; x_wconf 84' lang='lat' dir='ltr'>optume:</span> <span class='ocrx_word' id='word_1_5' title='bbox 583 210 735 239; x_wconf 85' lang='lat' dir='ltr'><strong>eccum</strong></span> <span class='ocrx_word' id='word_1_6' title='bbox 766 198 972 243; x_wconf 85' lang='lat' dir='ltr'><strong>dominus</strong></span> <span class='ocrx_word' id='word_1_7' title='bbox 1001 205 1178 246; x_wconf 85' lang='lat' dir='ltr'><strong>aedium</strong></span> <span class='ocrx_word' id='word_1_8' title='bbox 1207 208 1320 250; x_wconf 86' lang='lat' dir='ltr'>foras</span> <span class='ocrx_word' id='word_1_9' title='bbox 1358 213 1383 232; x_wconf 75' lang='grc'><strong><em>”</em></strong></span> 
     </span>
    </p>

    <p class='ocr_par' dir='ltr' id='par_1_3' title="bbox 134 274 1169 333">
     <span class='ocr_line' id='line_1_3' title="bbox 134 274 1169 333; baseline 0.012 -20"><span class='ocrx_word' id='word_1_10' title='bbox 134 312 141 320; x_wconf 59' lang='lat'>„</span> <span class='ocrx_word' id='word_1_11' title='bbox 182 279 302 319; x_wconf 82' lang='lat' dir='ltr'><strong>Simo</strong></span> <span class='ocrx_word' id='word_1_12' title='bbox 331 275 609 333; x_wconf 82' lang='lat' dir='ltr'>progreditur</span> <span class='ocrx_word' id='word_1_13' title='bbox 635 274 768 330; x_wconf 82' lang='lat' dir='ltr'>ipsus.</span> <span class='ocrx_word' id='word_1_14' title='bbox 799 277 887 318; x_wconf 89' lang='lat' dir='ltr'><strong>huc</strong></span> <span class='ocrx_word' id='word_1_15' title='bbox 915 282 1169 332; x_wconf 78' lang='lat' dir='ltr'>conceffero‚</span> 
     </span>
    </p>

    <p class='ocr_par' dir='ltr' id='par_1_4' title="bbox 182 344 1291 402">
     <span class='ocr_line' id='line_1_4' title="bbox 182 344 1291 402; baseline 0.007 -8"><span class='ocrx_word' id='word_1_16' title='bbox 182 355 302 395; x_wconf 88' lang='lat' dir='ltr'><strong>Dum</strong></span> <span class='ocrx_word' id='word_1_17' title='bbox 333 351 445 393; x_wconf 83' lang='lat' dir='ltr'><strong>mihi</strong></span> <span class='ocrx_word' id='word_1_18' title='bbox 471 352 667 392; x_wconf 83' lang='lat' dir='ltr'><strong>[enatum</strong></span> <span class='ocrx_word' id='word_1_19' title='bbox 697 352 864 393; x_wconf 86' lang='lat' dir='ltr'>confilii</span> <span class='ocrx_word' id='word_1_20' title='bbox 893 353 940 395; x_wconf 84' lang='lat' dir='ltr'><strong>in</strong></span> <span class='ocrx_word' id='word_1_21' title='bbox 973 370 1046 398; x_wconf 85' lang='lat' dir='ltr'><strong>cor</strong></span> <span class='ocrx_word' id='word_1_22' title='bbox 1077 344 1291 402; x_wconf 57' lang='lat' dir='ltr'>Conuoco.</span> 
     </span>
    </p>

    <p class='ocr_par' dir='ltr' id='par_1_5' title="bbox 184 425 1607 492">
     <span class='ocr_line' id='line_1_5' title="bbox 184 425 1607 492; baseline 0.008 -25"><span class='ocrx_word' id='word_1_23' title='bbox 184 425 321 486; x_wconf 84' lang='lat' dir='ltr'><strong>Igitur</strong></span> <span class='ocrx_word' id='word_1_24' title='bbox 354 428 460 468; x_wconf 86' lang='lat' dir='ltr'><strong>dum</strong></span> <span class='ocrx_word' id='word_1_25' title='bbox 490 429 696 470; x_wconf 84' lang='lat' dir='ltr'>adcedam</span> <span class='ocrx_word' id='word_1_26' title='bbox 723 431 858 478; x_wconf 91' lang='lat' dir='ltr'><strong>hunc,</strong></span> <span class='ocrx_word' id='word_1_27' title='bbox 892 431 1066 488; x_wconf 85' lang='lat' dir='ltr'>quando</span> <span class='ocrx_word' id='word_1_28' title='bbox 1097 431 1206 489; x_wconf 87' lang='lat' dir='ltr'>quid</span> <span class='ocrx_word' id='word_1_29' title='bbox 1235 429 1607 492; x_wconf 44' lang='lat' dir='ltr'><strong>agam&#39;iuuenero.</strong></span> 
     </span>
    </p>
   </div>
   <div class='ocr_carea' id='block_1_3' title="bbox 521 575 1363 646">
    <p class='ocr_par' dir='ltr' id='par_1_6' title="bbox 521 575 1363 646">
     <span class='ocr_line' id='line_1_6' title="bbox 521 575 1363 646; baseline 0.008 -7"><span class='ocrx_word' id='word_1_30' title='bbox 521 599 777 642; x_wconf 72' lang='lat' dir='ltr'>Ac&#39;rvs</span> <span class='ocrx_word' id='word_1_31' title='bbox 830 603 919 643; x_wconf 89' lang='lat'>111.</span> <span class='ocrx_word' id='word_1_32' title='bbox 987 575 1247 645; x_wconf 48' lang='lat' dir='ltr'>s&#39;cENA</span> <span class='ocrx_word' id='word_1_33' title='bbox 1302 606 1363 646; x_wconf 87' lang='lat'><strong>11.</strong></span> 
     </span>
    </p>
   </div>
   <div class='ocr_carea' id='block_1_4' title="bbox 420 706 1457 755">
    <p class='ocr_par' dir='ltr' id='par_1_7' title="bbox 420 706 1457 755">
     <span class='ocr_line' id='line_1_7' title="bbox 420 706 1457 755; baseline 0.005 -15"><span class='ocrx_word' id='word_1_34' title='bbox 420 709 598 750; x_wconf 81' lang='lat' dir='ltr'>s1Mo‚</span> <span class='ocrx_word' id='word_1_35' title='bbox 655 711 1141 755; x_wconf 76' lang='lat' dir='ltr'>THEVROPIDES,</span> <span class='ocrx_word' id='word_1_36' title='bbox 1198 706 1457 746; x_wconf 65' lang='lat' dir='ltr'><strong>TRANIOI</strong></span> 
     </span>
    </p>
   </div>
   <div class='ocr_carea' id='block_1_5' title="bbox 99 805 1706 2687">
    <p class='ocr_par' dir='ltr' id='par_1_8' title="bbox 99 805 1725 2687">
     <span class='ocr_line' id='line_1_8' title="bbox 237 805 1196 859; baseline 0.001 -9"><span class='ocrx_word' id='word_1_37' title='bbox 237 805 398 850; x_wconf 75' lang='lat' dir='ltr'><strong>Melius</strong></span> <span class='ocrx_word' id='word_1_38' title='bbox 432 819 546 848; x_wconf 85' lang='lat' dir='ltr'>anno</span> <span class='ocrx_word' id='word_1_39' title='bbox 577 809 662 849; x_wconf 90' lang='lat' dir='ltr'><strong>hoc</strong></span> <span class='ocrx_word' id='word_1_40' title='bbox 686 806 798 849; x_wconf 88' lang='lat' dir='ltr'><strong>mihi</strong></span> <span class='ocrx_word' id='word_1_41' title='bbox 827 823 917 852; x_wconf 88' lang='lat' dir='ltr'><strong>non</strong></span> <span class='ocrx_word' id='word_1_42' title='bbox 949 809 1033 851; x_wconf 83' lang='lat' dir='ltr'>fuit</span> <span class='ocrx_word' id='word_1_43' title='bbox 1062 810 1196 859; x_wconf 84' lang='lat' dir='ltr'><strong>domi,</strong></span> 
     </span>
     <span class='ocr_line' id='line_1_9' title="bbox 181 880 1138 951; baseline 0.003 -25"><span class='ocrx_word' id='word_1_44' title='bbox 181 887 276 928; x_wconf 87' lang='lat' dir='ltr'><strong>Nec</strong></span> <span class='ocrx_word' id='word_1_45' title='bbox 304 884 483 940; x_wconf 52' lang='lat' dir='ltr'><strong>quando⁴</strong></span> <span class='ocrx_word' id='word_1_46' title='bbox 509 880 601 951; x_wconf 58' lang='lat' dir='ltr'>‹Jsca</span> <span class='ocrx_word' id='word_1_47' title='bbox 635 898 719 923; x_wconf 82' lang='lat' dir='ltr'><strong>vna</strong></span> <span class='ocrx_word' id='word_1_48' title='bbox 749 883 956 926; x_wconf 84' lang='lat' dir='ltr'><strong>meruerit</strong></span> <span class='ocrx_word' id='word_1_49' title='bbox 986 886 1138 943; x_wconf 88' lang='lat' dir='ltr'><strong>magis.</strong></span> 
     </span>
     <span class='ocr_line' id='line_1_10' title="bbox 179 957 1132 1014; baseline 0 -11"><span class='ocrx_word' id='word_1_50' title='bbox 179 959 417 1004; x_wconf 81' lang='lat' dir='ltr'>Prandium</span> <span class='ocrx_word' id='word_1_51' title='bbox 443 973 553 1002; x_wconf 83' lang='lat' dir='ltr'>vxor.</span> <span class='ocrx_word' id='word_1_52' title='bbox 582 957 693 999; x_wconf 83' lang='lat' dir='ltr'><strong>mihi</strong></span> <span class='ocrx_word' id='word_1_53' title='bbox 725 962 970 1014; x_wconf 84' lang='lat' dir='ltr'><strong>perbonum</strong></span> <span class='ocrx_word' id='word_1_54' title='bbox 1000 961 1132 1008; x_wconf 75' lang='lat' dir='ltr'><strong>dedit.</strong></span> 
     </span>
     <span class='ocr_line' id='line_1_11' title="bbox 180 1032 1159 1082; baseline 0.003 -4"><span class='ocrx_word' id='word_1_55' title='bbox 180 1036 312 1078; x_wconf 88' lang='lat' dir='ltr'><strong>Nunc</strong></span> <span class='ocrx_word' id='word_1_56' title='bbox 338 1033 578 1076; x_wconf 86' lang='lat' dir='ltr'><strong>dormitum</strong></span> <span class='ocrx_word' id='word_1_57' title='bbox 607 1032 730 1075; x_wconf 89' lang='lat' dir='ltr'><strong>iubet</strong></span> <span class='ocrx_word' id='word_1_58' title='bbox 755 1049 825 1075; x_wconf 85' lang='lat' dir='ltr'><strong>me</strong></span> <span class='ocrx_word' id='word_1_59' title='bbox 852 1034 928 1076; x_wconf 86' lang='lat' dir='ltr'><strong>ire.</strong></span> <span class='ocrx_word' id='word_1_60' title='bbox 961 1037 1159 1082; x_wconf 87' lang='lat' dir='ltr'><strong>minime.</strong></span> 
     </span>
     <span class='ocr_line' id='line_1_12' title="bbox 178 1108 1685 1171; baseline -0.004 -15"><span class='ocrx_word' id='word_1_61' title='bbox 178 1111 419 1156; x_wconf 65' lang='lat' dir='ltr'><strong>Non¹mihi</strong></span> <span class='ocrx_word' id='word_1_62' title='bbox 448 1112 560 1153; x_wconf 82' lang='lat' dir='ltr'>forte</span> <span class='ocrx_word' id='word_1_63' title='bbox 590 1108 732 1150; x_wconf 81' lang='lat' dir='ltr'><strong>visum</strong></span> <span class='ocrx_word' id='word_1_64' title='bbox 770 1108 889 1152; x_wconf 90' lang='lat' dir='ltr'>illico</span> <span class='ocrx_word' id='word_1_65' title='bbox 922 1111 1020 1160; x_wconf 87' lang='lat' dir='ltr'><strong>fuit,</strong></span> <span class='ocrx_word' id='word_1_66' title='bbox 1334 1152 1346 1156; x_wconf 78' lang='grc'><em>,</em></span> <span class='ocrx_word' id='word_1_67' title='bbox 1666 1135 1685 1171; x_wconf 77' lang='lat'><em>5</em></span> 
     </span>
     <span class='ocr_line' id='line_1_13' title="bbox 179 1185 1332 1245; baseline 0.003 -14"><span class='ocrx_word' id='word_1_68' title='bbox 179 1190 340 1232; x_wconf 74' lang='lat' dir='ltr'>Melius</span> <span class='ocrx_word' id='word_1_69' title='bbox 371 1203 506 1245; x_wconf 83' lang='lat' dir='ltr'><strong>quom</strong></span> <span class='ocrx_word' id='word_1_70' title='bbox 531 1185 776 1244; x_wconf 85' lang='lat' dir='ltr'><strong>prandium,</strong></span> <span class='ocrx_word' id='word_1_71' title='bbox 816 1202 948 1243; x_wconf 87' lang='lat' dir='ltr'><strong>quam</strong></span> <span class='ocrx_word' id='word_1_72' title='bbox 975 1189 1162 1239; x_wconf 77' lang='lat' dir='ltr'><strong>solitum,</strong></span> <span class='ocrx_word' id='word_1_73' title='bbox 1199 1192 1332 1235; x_wconf 87' lang='lat' dir='ltr'><strong>dedit.</strong></span> 
     </span>
     <span class='ocr_line' id='line_1_14' title="bbox 175 1263 1194 1310; baseline -0.001 -1"><span class='ocrx_word' id='word_1_74' title='bbox 175 1265 326 1310; x_wconf 77' lang='lat' dir='ltr'>Voluit</span> <span class='ocrx_word' id='word_1_75' title='bbox 354 1266 401 1307; x_wconf 86' lang='lat' dir='ltr'><strong>in</strong></span> <span class='ocrx_word' id='word_1_76' title='bbox 431 1265 686 1308; x_wconf 84' lang='lat' dir='ltr'><strong>cubiculum</strong></span> <span class='ocrx_word' id='word_1_77' title='bbox 726 1263 940 1306; x_wconf 82' lang='lat' dir='ltr'>abducere</span> <span class='ocrx_word' id='word_1_78' title='bbox 967 1281 1039 1307; x_wconf 87' lang='lat' dir='ltr'><strong>me</strong></span> <span class='ocrx_word' id='word_1_79' title='bbox 1071 1280 1194 1308; x_wconf 79' lang='lat' dir='ltr'><strong>anus.</strong></span> 
     </span>
     <span class='ocr_line' id='line_1_15' title="bbox 173 1337 1258 1401; baseline -0.003 -17"><span class='ocrx_word' id='word_1_80' title='bbox 173 1343 278 1384; x_wconf 88' lang='lat' dir='ltr'><strong>Non</strong></span> <span class='ocrx_word' id='word_1_81' title='bbox 309 1344 453 1383; x_wconf 85' lang='lat' dir='ltr'>bonus</span> <span class='ocrx_word' id='word_1_82' title='bbox 486 1341 660 1382; x_wconf 79' lang='lat' dir='ltr'><strong>[omnus</strong></span> <span class='ocrx_word' id='word_1_83' title='bbox 690 1338 747 1380; x_wconf 87' lang='lat' dir='ltr'><strong>est</strong></span> <span class='ocrx_word' id='word_1_84' title='bbox 777 1339 829 1379; x_wconf 90' lang='lat' dir='ltr'><strong>de</strong></span> <span class='ocrx_word' id='word_1_85' title='bbox 859 1337 1070 1395; x_wconf 81' lang='lat' dir='ltr'>prandio:</span> <span class='ocrx_word' id='word_1_86' title='bbox 1103 1354 1258 1401; x_wconf 81' lang='lat' dir='ltr'>apage:</span> 
     </span>
     <span class='ocr_line' id='line_1_16' title="bbox 174 1412 1131 1462; baseline -0.005 -2"><span class='ocrx_word' id='word_1_87' title='bbox 174 1420 438 1462; x_wconf 85' lang='lat' dir='ltr'><strong>Clanculum</strong></span> <span class='ocrx_word' id='word_1_88' title='bbox 467 1431 518 1457; x_wconf 87' lang='lat' dir='ltr'><strong>ex</strong></span> <span class='ocrx_word' id='word_1_89' title='bbox 550 1412 727 1456; x_wconf 83' lang='lat' dir='ltr'>aedibus</span> <span class='ocrx_word' id='word_1_90' title='bbox 755 1427 827 1454; x_wconf 86' lang='lat' dir='ltr'><strong>me</strong></span> <span class='ocrx_word' id='word_1_91' title='bbox 859 1413 977 1455; x_wconf 86' lang='lat' dir='ltr'>edidi</span> <span class='ocrx_word' id='word_1_92' title='bbox 1005 1414 1131 1458; x_wconf 82' lang='lat' dir='ltr'>foras.</span> 
     </span>
     <span class='ocr_line' id='line_1_17' title="bbox 170 1489 1681 1548; baseline -0.003 -12"><span class='ocrx_word' id='word_1_93' title='bbox 170 1496 284 1536; x_wconf 81' lang='lat' dir='ltr'>Tota</span> <span class='ocrx_word' id='word_1_94' title='bbox 311 1501 456 1548; x_wconf 84' lang='lat' dir='ltr'>turget</span> <span class='ocrx_word' id='word_1_95' title='bbox 482 1489 591 1531; x_wconf 80' lang='lat' dir='ltr'><strong>mihi</strong></span> <span class='ocrx_word' id='word_1_96' title='bbox 623 1504 730 1531; x_wconf 84' lang='lat' dir='ltr'>vxor</span> <span class='ocrx_word' id='word_1_97' title='bbox 759 1503 901 1537; x_wconf 86' lang='lat' dir='ltr'>nunc,</span> <span class='ocrx_word' id='word_1_98' title='bbox 935 1491 1046 1540; x_wconf 86' lang='lat' dir='ltr'><strong>scio,</strong></span> <span class='ocrx_word' id='word_1_99' title='bbox 1082 1490 1215 1533; x_wconf 87' lang='lat' dir='ltr'><strong>domi.</strong></span> <span class='ocrx_word' id='word_1_100' title='bbox 1633 1510 1681 1537; x_wconf 63' lang='grc' dir='ltr'><strong>ιο</strong></span> 
     </span>
     <span class='ocr_line' id='line_1_18' title="bbox 175 1565 1365 1626; baseline -0.003 -15"><span class='ocrx_word' id='word_1_101' title='bbox 175 1571 250 1611; x_wconf 78' lang='lat' dir='ltr'><strong>Tn.</strong></span> <span class='ocrx_word' id='word_1_102' title='bbox 282 1570 368 1610; x_wconf 82' lang='lat' dir='ltr'><strong>Res</strong></span> <span class='ocrx_word' id='word_1_103' title='bbox 399 1578 540 1626; x_wconf 82' lang='lat' dir='ltr'>parata</span> <span class='ocrx_word' id='word_1_104' title='bbox 568 1568 624 1608; x_wconf 85' lang='lat' dir='ltr'><strong>est</strong></span> <span class='ocrx_word' id='word_1_105' title='bbox 653 1569 766 1608; x_wconf 82' lang='lat' dir='ltr'><strong>mala</strong></span> <span class='ocrx_word' id='word_1_106' title='bbox 795 1565 841 1607; x_wconf 88' lang='lat' dir='ltr'><strong>in</strong></span> <span class='ocrx_word' id='word_1_107' title='bbox 867 1565 1095 1622; x_wconf 85' lang='lat' dir='ltr'><strong>vesperum</strong></span> <span class='ocrx_word' id='word_1_108' title='bbox 1126 1565 1229 1607; x_wconf 86' lang='lat' dir='ltr'><strong>huic</strong></span> <span class='ocrx_word' id='word_1_109' title='bbox 1258 1566 1365 1608; x_wconf 75' lang='lat' dir='ltr'><strong>seni.</strong></span> 
     </span>
     <span class='ocr_line' id='line_1_19' title="bbox 164 1642 1401 1688; baseline -0.003 0"><span class='ocrx_word' id='word_1_110' title='bbox 164 1648 280 1688; x_wconf 83' lang='lat' dir='ltr'><strong>Nam</strong></span> <span class='ocrx_word' id='word_1_111' title='bbox 313 1655 356 1685; x_wconf 87' lang='lat' dir='ltr'><strong>et</strong></span> <span class='ocrx_word' id='word_1_112' title='bbox 387 1644 663 1684; x_wconf 86' lang='lat' dir='ltr'><strong>coenandum</strong></span> <span class='ocrx_word' id='word_1_113' title='bbox 692 1653 735 1683; x_wconf 90' lang='lat' dir='ltr'><strong>et</strong></span> <span class='ocrx_word' id='word_1_114' title='bbox 763 1642 1011 1683; x_wconf 83' lang='lat' dir='ltr'><strong>cubandum</strong></span> <span class='ocrx_word' id='word_1_115' title='bbox 1044 1645 1101 1685; x_wconf 84' lang='lat' dir='ltr'><strong>est</strong></span> <span class='ocrx_word' id='word_1_116' title='bbox 1128 1642 1246 1684; x_wconf 84' lang='lat' dir='ltr'><strong>intus</strong></span> <span class='ocrx_word' id='word_1_117' title='bbox 1276 1645 1401 1684; x_wconf 87' lang='lat' dir='ltr'><strong>male.</strong></span> 
     </span>
     <span class='ocr_line' id='line_1_20' title="bbox 167 1716 1276 1779; baseline -0.005 -14"><span class='ocrx_word' id='word_1_118' title='bbox 167 1726 228 1765; x_wconf 85' lang='lat' dir='ltr'><strong>St.</strong></span> <span class='ocrx_word' id='word_1_119' title='bbox 249 1723 361 1779; x_wconf 34' lang='lat' dir='ltr'><strong>⁸‘Quo</strong></span> <span class='ocrx_word' id='word_1_120' title='bbox 393 1718 530 1776; x_wconf 82' lang='lat' dir='ltr'><strong>magis</strong></span> <span class='ocrx_word' id='word_1_121' title='bbox 562 1717 708 1774; x_wconf 87' lang='lat' dir='ltr'>cogito</span> <span class='ocrx_word' id='word_1_122' title='bbox 737 1733 827 1774; x_wconf 79' lang='lat' dir='ltr'><strong>ego—</strong></span> <span class='ocrx_word' id='word_1_123' title='bbox 851 1733 953 1759; x_wconf 86' lang='lat' dir='ltr'><strong>cum</strong></span> <span class='ocrx_word' id='word_1_124' title='bbox 981 1733 1081 1760; x_wconf 89' lang='lat' dir='ltr'><strong>meo</strong></span> <span class='ocrx_word' id='word_1_125' title='bbox 1115 1716 1276 1766; x_wconf 85' lang='lat' dir='ltr'><strong>animo,</strong></span> 
     </span>
     <span class='ocr_line' id='line_1_21' title="bbox 166 1782 1272 1856; baseline -0.005 -16"><span class='ocrx_word' id='word_1_126' title='bbox 166 1798 211 1842; x_wconf 85' lang='lat' dir='ltr'><strong>Si</strong></span> <span class='ocrx_word' id='word_1_127' title='bbox 244 1798 342 1856; x_wconf 89' lang='lat' dir='ltr'>quis</span> <span class='ocrx_word' id='word_1_128' title='bbox 374 1798 565 1838; x_wconf 83' lang='lat' dir='ltr'><strong>dotatam</strong></span> <span class='ocrx_word' id='word_1_129' title='bbox 595 1809 776 1837; x_wconf 77' lang='lat' dir='ltr'><strong>onrem</strong></span> <span class='ocrx_word' id='word_1_130' title='bbox 806 1796 950 1844; x_wconf 86' lang='lat' dir='ltr'>habet,</span> <span class='ocrx_word' id='word_1_131' title='bbox 1267 1782 1272 1787; x_wconf 46' lang='grc'><em>’</em></span> 
     </span>
     <span class='ocr_line' id='line_1_22' title="bbox 161 1871 1673 1929; baseline -0.004 -13"><span class='ocrx_word' id='word_1_132' title='bbox 161 1874 397 1916; x_wconf 86' lang='lat' dir='ltr'><strong>Neminem</strong></span> <span class='ocrx_word' id='word_1_133' title='bbox 430 1871 628 1914; x_wconf 74' lang='lat' dir='ltr'>sollicitat</span> <span class='ocrx_word' id='word_1_134' title='bbox 665 1873 807 1929; x_wconf 83' lang='lat' dir='ltr'>sopor.</span> <span class='ocrx_word' id='word_1_135' title='bbox 1625 1887 1673 1924; x_wconf 67' lang='grc' dir='ltr'><strong>ις</strong></span> 
     </span>
     <span class='ocr_line' id='line_1_23' title="bbox 99 1945 1164 1993; baseline -0.008 1"><span class='ocrx_word' id='word_1_136' title='bbox 99 1977 102 1980; x_wconf 90' lang='lat'><strong>·</strong></span> <span class='ocrx_word' id='word_1_137' title='bbox 160 1954 226 1993; x_wconf 82' lang='lat' dir='ltr'><strong>Ire</strong></span> <span class='ocrx_word' id='word_1_138' title='bbox 257 1949 499 1992; x_wconf 82' lang='lat' dir='ltr'><strong>dormitum</strong></span> <span class='ocrx_word' id='word_1_139' title='bbox 530 1948 631 1990; x_wconf 81' lang='lat' dir='ltr'>odio</span> <span class='ocrx_word' id='word_1_140' title='bbox 661 1949 732 1990; x_wconf 83' lang='lat' dir='ltr'><strong>est.</strong></span> <span class='ocrx_word' id='word_1_141' title='bbox 773 1961 894 1989; x_wconf 85' lang='lat' dir='ltr'><strong>nunc</strong></span> <span class='ocrx_word' id='word_1_142' title='bbox 921 1961 1025 1989; x_wconf 84' lang='lat' dir='ltr'>vero</span> <span class='ocrx_word' id='word_1_143' title='bbox 1055 1945 1164 1987; x_wconf 85' lang='lat' dir='ltr'><strong>mihi</strong></span> 
     </span>
     <span class='ocr_line' id='line_1_24' title="bbox 158 2023 967 2082; baseline -0.006 -14"><span class='ocrx_word' id='word_1_144' title='bbox 158 2023 346 2082; x_wconf 72' lang='lat' dir='ltr'>Exquui</span> <span class='ocrx_word' id='word_1_145' title='bbox 378 2035 491 2065; x_wconf 83' lang='lat' dir='ltr'>certa</span> <span class='ocrx_word' id='word_1_146' title='bbox 519 2039 584 2065; x_wconf 85' lang='lat' dir='ltr'><strong>res</strong></span> <span class='ocrx_word' id='word_1_147' title='bbox 615 2024 693 2072; x_wconf 87' lang='lat' dir='ltr'><strong>est,</strong></span> <span class='ocrx_word' id='word_1_148' title='bbox 738 2035 786 2065; x_wconf 77' lang='lat' dir='ltr'><strong>vt</strong></span> <span class='ocrx_word' id='word_1_149' title='bbox 815 2024 967 2064; x_wconf 84' lang='lat' dir='ltr'><strong>abeam</strong></span> 
     </span>
     <span class='ocr_line' id='line_1_25' title="bbox 157 2095 1251 2155; baseline -0.01 -9"><span class='ocrx_word' id='word_1_150' title='bbox 157 2100 310 2146; x_wconf 82' lang='lat' dir='ltr'>Potius</span> <span class='ocrx_word' id='word_1_151' title='bbox 337 2099 442 2143; x_wconf 84' lang='lat' dir='ltr'>hinc</span> <span class='ocrx_word' id='word_1_152' title='bbox 472 2102 524 2140; x_wconf 84' lang='lat' dir='ltr'><strong>ad</strong></span> <span class='ocrx_word' id='word_1_153' title='bbox 560 2101 730 2147; x_wconf 85' lang='lat' dir='ltr'><strong>forum,</strong></span> <span class='ocrx_word' id='word_1_154' title='bbox 766 2113 897 2155; x_wconf 87' lang='lat' dir='ltr'><strong>quam</strong></span> <span class='ocrx_word' id='word_1_155' title='bbox 930 2095 1050 2138; x_wconf 88' lang='lat' dir='ltr'><strong>domi</strong></span> <span class='ocrx_word' id='word_1_156' title='bbox 1082 2097 1251 2136; x_wconf 89' lang='lat' dir='ltr'><strong>cubem.</strong></span> 
     </span>
     <span class='ocr_line' id='line_1_26' title="bbox 158 2171 1423 2231; baseline -0.006 -11"><span class='ocrx_word' id='word_1_157' title='bbox 158 2178 511 2231; x_wconf 65' lang='lat' dir='ltr'><strong>(spectatoribus)</strong></span> <span class='ocrx_word' id='word_1_158' title='bbox 547 2177 685 2230; x_wconf 85' lang='lat' dir='ltr'>Atque</span> <span class='ocrx_word' id='word_1_159' title='bbox 715 2175 789 2230; x_wconf 89' lang='lat' dir='ltr'><strong>pol</strong></span> <span class='ocrx_word' id='word_1_160' title='bbox 815 2171 983 2221; x_wconf 84' lang='lat' dir='ltr'><strong>nescio,</strong></span> <span class='ocrx_word' id='word_1_161' title='bbox 1013 2184 1063 2214; x_wconf 86' lang='lat' dir='ltr'><strong>vt</strong></span> <span class='ocrx_word' id='word_1_162' title='bbox 1090 2171 1288 2214; x_wconf 80' lang='lat' dir='ltr'><strong>moribus</strong></span> <span class='ocrx_word' id='word_1_163' title='bbox 1320 2173 1423 2215; x_wconf 84' lang='lat' dir='ltr'>fient</span> 
     </span>
     <span class='ocr_line' id='line_1_27' title="bbox 154 2248 1706 2304; baseline -0.003 -11"><span class='ocrx_word' id='word_1_164' title='bbox 154 2252 343 2295; x_wconf 76' lang='lat' dir='ltr'>Vestrae:</span> <span class='ocrx_word' id='word_1_165' title='bbox 376 2253 484 2292; x_wconf 86' lang='lat' dir='ltr'><strong>haec</strong></span> <span class='ocrx_word' id='word_1_166' title='bbox 513 2251 573 2291; x_wconf 83' lang='lat' dir='ltr'><strong>sat</strong></span> <span class='ocrx_word' id='word_1_167' title='bbox 601 2248 702 2297; x_wconf 80' lang='lat' dir='ltr'><strong>scio,</strong></span> <span class='ocrx_word' id='word_1_168' title='bbox 734 2262 861 2304; x_wconf 88' lang='lat' dir='ltr'><strong>quam</strong></span> <span class='ocrx_word' id='word_1_169' title='bbox 888 2263 959 2289; x_wconf 89' lang='lat' dir='ltr'><strong>me</strong></span> <span class='ocrx_word' id='word_1_170' title='bbox 987 2250 1142 2290; x_wconf 87' lang='lat' dir='ltr'>habeat</span> <span class='ocrx_word' id='word_1_171' title='bbox 1168 2249 1304 2297; x_wconf 82' lang='lat' dir='ltr'><strong>ma1e;</strong></span> <span class='ocrx_word' id='word_1_172' title='bbox 1613 2262 1665 2289; x_wconf 66' lang='grc' dir='ltr'><strong>κο</strong></span> <span class='ocrx_word' id='word_1_173' title='bbox 1696 2298 1706 2301; x_wconf 29' lang='grc' dir='ltr'><em>Α</em></span> 
     </span>
     <span class='ocr_line' id='line_1_28' title="bbox 152 2322 1152 2383; baseline -0.006 -13"><span class='ocrx_word' id='word_1_174' title='bbox 152 2327 370 2382; x_wconf 86' lang='lat' dir='ltr'>Peiusque</span> <span class='ocrx_word' id='word_1_175' title='bbox 394 2325 567 2382; x_wconf 82' lang='lat' dir='ltr'>posthac</span> <span class='ocrx_word' id='word_1_176' title='bbox 596 2326 711 2373; x_wconf 85' lang='lat' dir='ltr'><strong>fore,</strong></span> <span class='ocrx_word' id='word_1_177' title='bbox 753 2341 884 2383; x_wconf 90' lang='lat' dir='ltr'><strong>quam</strong></span> <span class='ocrx_word' id='word_1_178' title='bbox 912 2323 997 2365; x_wconf 82' lang='lat' dir='ltr'>fuit</span> <span class='ocrx_word' id='word_1_179' title='bbox 1023 2322 1152 2364; x_wconf 84' lang='lat' dir='ltr'><strong>mihi.</strong></span> 
     </span>
     <span class='ocr_line' id='line_1_29' title="bbox 155 2392 1284 2460; baseline -0.004 -16"><span class='ocrx_word' id='word_1_180' title='bbox 155 2406 230 2444; x_wconf 66' lang='lat' dir='ltr'><strong>Ta.</strong></span> <span class='ocrx_word' id='word_1_181' title='bbox 265 2402 314 2444; x_wconf 44' lang='lat' dir='ltr'><strong>Si*</strong></span> <span class='ocrx_word' id='word_1_182' title='bbox 337 2401 479 2460; x_wconf 62' lang='lat' dir='ltr'>abitus</span> <span class='ocrx_word' id='word_1_183' title='bbox 506 2414 606 2444; x_wconf 89' lang='lat' dir='ltr'>tuus</span> <span class='ocrx_word' id='word_1_184' title='bbox 640 2400 743 2448; x_wconf 82' lang='lat' dir='ltr'><strong>tibi,</strong></span> <span class='ocrx_word' id='word_1_185' title='bbox 787 2392 934 2447; x_wconf 67' lang='lat' dir='ltr'><strong>sthex,</strong></span> <span class='ocrx_word' id='word_1_186' title='bbox 973 2397 1124 2440; x_wconf 85' lang='lat' dir='ltr'><strong>fecerit</strong></span> <span class='ocrx_word' id='word_1_187' title='bbox 1155 2401 1284 2446; x_wconf 86' lang='lat' dir='ltr'><strong>male,</strong></span> 
     </span>
     <span class='ocr_line' id='line_1_30' title="bbox 148 2476 1188 2533; baseline -0.004 -14"><span class='ocrx_word' id='word_1_188' title='bbox 148 2476 271 2519; x_wconf 87' lang='lat' dir='ltr'>Nihil</span> <span class='ocrx_word' id='word_1_189' title='bbox 299 2476 379 2519; x_wconf 81' lang='lat' dir='ltr'><strong>erit</strong></span> <span class='ocrx_word' id='word_1_190' title='bbox 412 2476 530 2533; x_wconf 92' lang='lat' dir='ltr'>quod</span> <span class='ocrx_word' id='word_1_191' title='bbox 557 2479 754 2518; x_wconf 89' lang='lat' dir='ltr'><strong>Deorum</strong></span> <span class='ocrx_word' id='word_1_192' title='bbox 789 2478 929 2517; x_wconf 75' lang='lat' dir='ltr'><strong>vllum</strong></span> <span class='ocrx_word' id='word_1_193' title='bbox 962 2476 1188 2516; x_wconf 81' lang='lat' dir='ltr'><strong>adcufites:</strong></span> 
     </span>
     <span class='ocr_line' id='line_1_31' title="bbox 147 2547 1204 2611; baseline -0.004 -16"><span class='ocrx_word' id='word_1_194' title='bbox 147 2556 213 2595; x_wconf 88' lang='lat' dir='ltr'><strong>Te</strong></span> <span class='ocrx_word' id='word_1_195' title='bbox 248 2554 337 2611; x_wconf 83' lang='lat' dir='ltr'>ipse</span> <span class='ocrx_word' id='word_1_196' title='bbox 366 2553 460 2595; x_wconf 81' lang='lat' dir='ltr'>iure</span> <span class='ocrx_word' id='word_1_197' title='bbox 491 2564 673 2607; x_wconf 87' lang='lat' dir='ltr'><strong>optumo</strong></span> <span class='ocrx_word' id='word_1_198' title='bbox 699 2550 854 2593; x_wconf 82' lang='lat' dir='ltr'><strong>merito</strong></span> <span class='ocrx_word' id='word_1_199' title='bbox 883 2550 1053 2599; x_wconf 79' lang='lat' dir='ltr'>incuses</span> <span class='ocrx_word' id='word_1_200' title='bbox 1089 2547 1204 2591; x_wconf 84' lang='lat' dir='ltr'><strong>licet.</strong></span> 
     </span>
     <span class='ocr_line' id='line_1_32' title="bbox 145 2623 1681 2687; baseline -0.007 -14"><span class='ocrx_word' id='word_1_201' title='bbox 145 2632 339 2687; x_wconf 76' lang='lat' dir='ltr'><strong>Tempus</strong></span> <span class='ocrx_word' id='word_1_202' title='bbox 370 2643 488 2672; x_wconf 86' lang='lat' dir='ltr'>nunc</span> <span class='ocrx_word' id='word_1_203' title='bbox 513 2627 570 2670; x_wconf 82' lang='lat' dir='ltr'><strong>est</strong></span> <span class='ocrx_word' id='word_1_204' title='bbox 594 2626 742 2668; x_wconf 85' lang='lat' dir='ltr'><strong>senem</strong></span> <span class='ocrx_word' id='word_1_205' title='bbox 768 2627 889 2669; x_wconf 84' lang='lat' dir='ltr'><strong>hunc</strong></span> <span class='ocrx_word' id='word_1_206' title='bbox 915 2627 1092 2682; x_wconf 72' lang='lat' dir='ltr'>adloqui</span> <span class='ocrx_word' id='word_1_207' title='bbox 1120 2623 1245 2675; x_wconf 76' lang='lat' dir='ltr'><strong>mihi.</strong></span> <span class='ocrx_word' id='word_1_208' title='bbox 1607 2636 1681 2673; x_wconf 33' lang='grc' dir='ltr'><strong>ες»</strong></span> 
     </span>
    </p>
   </div>
   <div class='ocr_carea' id='block_1_6' title="bbox 1701 2301 1742 2924">
    <p class='ocr_par' dir='ltr' id='par_1_9' title="bbox 1701 2301 1742 2924">
     <span class='ocr_line' id='line_1_33' title="bbox 1701 2301 1742 2924; baseline 0 0"><span class='ocrx_word' id='word_1_209' title='bbox 1701 2301 1742 2924; x_wconf 95' lang='lat' dir='ltr'><strong> </strong></span> 
     </span>
    </p>
   </div>
  </div>
 </body>
</html>
