1742 2924
171 155 264 204 382
675 161 1158 202 ΜοεΤειιΑιιιΑε
1218 147 1221 150 ’

164 270 304 325 Cape,
336 266 512 308 obsecro
541 268 737 314 hercule,
777 283 879 311 cum
909 285 961 312 eo
979 285 1075 319 ¹vna
1109 268 1324 318 iudicem:
1574 305 1585 318 ,
1615 297 1668 333 30

164 345 251 387 Sed
282 359 382 384 eum
412 343 561 390 videto
591 354 639 385 vt
671 346 832 399 capias,
857 348 954 403 'qui
985 349 1130 390 credat
1154 351 1293 392 mihi:

163 421 274 463 Tam
303 419 428 460 facile
455 421 627 466 vinces,
657 434 786 477 quam
815 423 963 476 pirum
987 426 1140 480 volpes
1167 424 1338 467 comest.
1370 410 1383 417 ²

163 499 268 540 DA.
299 496 383 536 Sed
416 496 722 537 Philolachetis
752 510 904 538 eccum
934 497 1102 541 servom
1134 501 1363 548 Tranium,

162 575 254 629 Qui
282 574 394 615 mihi
421 585 563 628 neque
591 570 741 619 fenus,
779 586 923 630 neque
951 575 1108 616 sortem
1139 578 1305 632 argenti
1335 576 1513 620 danunt.

168 652 250 691 ΤΗ.
265 649 362 704 Quo
382 660 423 690 te
441 648 559 703 agis?
582 650 657 688 ΤΒ.
673 647 764 689 Nec
778 661 997 705 quoquam
1016 651 1136 692 abeo.
1153 665 1234 692 nae
1251 664 1331 707 ego
1348 652 1442 693 sum
1455 655 1596 703 miser,
1613 669 1631 706 3
1641 671 1662 708 ς

163 724 391 772 Scelestus;
431 733 556 764 natus
583 724 680 764 Diis
713 725 904 765 inimicis
933 727 1159 768 omnibus!

161 804 252 844 Iam
285 802 360 842 illo
390 800 613 855 praesente
643 800 795 851 adibit.
825 814 905 841 nae
932 814 1011 856 ego
1042 803 1176 843 homo
1203 802 1297 844 sum
1327 805 1479 848 miser!

160 879 224 918 Ita
255 887 297 916 et
326 876 430 915 hinc
458 885 501 916 et
525 876 647 915 illinc
674 876 786 915 mihi
817 876 1024 917 exhibent
1050 880 1290 934 negotium.
1316 906 1320 911 ·

159 951 246 993 Sed
277 952 505 1006 obcupabo
534 950 665 992 adire.
725 953 828 994 DA.
864 951 947 992 Hic
976 952 1028 992 ad
1057 949 1127 993 me
1157 955 1213 1001 it,
1242 955 1377 997 saluos
1407 955 1516 1005 sum,

158 1029 264 1085 Spes
295 1028 352 1068 est
382 1029 436 1069 de
462 1012 650 1084 argento.
716 1030 791 1068 Ta.
820 1027 990 1069 Hilarus
1020 1028 1077 1069 est
1111 1029 1261 1072 frustra
1291 1031 1382 1072 istic
1405 1033 1555 1076 homo.
1611 1048 1665 1087 40

158 1105 334 1146 Saluere
364 1104 495 1145 iubeo
522 1115 586 1149 te,
624 1101 953 1158 Misargyrides‚
986 1106 1110 1147 bene.

160 1182 266 1223 DA.
298 1180 423 1220 Salue
450 1188 493 1219 et
521 1190 583 1219 tu.
615 1178 721 1233 quid
756 1179 809 1218 de
837 1181 1051 1234 argento?
1116 1185 1191 1224 Ta.
1220 1184 1303 1224 Abi
1334 1185 1384 1225 fis
1412 1185 1553 1234 belua,

156 1242 380 1297 continuo
409 1254 648 1295 adueniens
680 1256 819 1310 pilum
847 1255 1031 1295 iniecisti
1060 1258 1187 1297 mihi.

158 1334 264 1374 DA.
298 1332 382 1370 Hic
410 1331 543 1370 homo
570 1328 627 1370 est
653 1330 810 1370 inanis.
871 1332 1057 1371 TnsHic
1090 1333 1223 1373 homo
1256 1335 1313 1375 est
1345 1349 1459 1379 certe
1489 1344 1662 1384 ariol-213,

156 1407 262 1448 DA.
293 1405 416 1460 Quin
441 1414 489 1444 tu
510 1404 603 1444 istas
629 1406 766 1446 mittis
792 1406 951 1446 tricas?
995 1409 1070 1447 ΤΒ.
1096 1409 1215 1463 Quin
1234 1411 1339 1465 quid
1359 1415 1425 1453 vis
1448 1416 1569 1457 cedo.
1609 1432 1661 1468 45

155 1483 260 1524 DA.
286 1482 369 1522 Vbi
395 1481 668 1522 Philolaches
694 1480 779 1522 est?
830 1484 904 1522 ΤΠ.
929 1481 1179 1538 Numquam
1209 1486 1384 1540 potuisti
1411 1491 1523 1531 mihi

153 1557 294 1613 Magis
327 1557 594 1613 obportunus
627 1558 830 1598 aduenire
859 1572 990 1614 quam
1020 1559 1213 1600 aduenis.

152 1635 259 1676 DA.
298 1632 419 1688 Quid
451 1631 538 1675 est?
594 1635 669 1675 Ta.
699 1633 902 1675 Concede
931 1635 1031 1675 huc.
1083 1635 1188 1677 DA.
1220 1635 1342 1689 Quin
1376 1640 1486 1680 mihi
1517 1654 1664 1696 argen-

1037 1721 1133 1751 tum
1161 1711 1392 1754 redditur?

160 1789 236 1830 Ta.
269 1787 391 1833 Scio,
420 1795 462 1827 te
494 1786 608 1827 bona
641 1784 720 1825 effe
749 1798 880 1833 voce,
909 1798 965 1825 ne
991 1779 1125 1826 clama
1158 1788 1305 1827 nimis.

153 1865 259 1905 DA.
285 1865 379 1919 Ego
408 1863 553 1902 hercle
579 1875 683 1903 vero
707 1862 861 1902 clamo.
909 1863 983 1901 Tn.
1008 1862 1088 1909 Ah,
1118 1875 1216 1917 gere
1237 1876 1405 1903 morem
1423 1863 1549 1903 mihi.
1612 1878 1661 1913 50
1727 1870 1733 1871 ⁷

154 1941 260 1982 DA.
306 1938 428 1994 Quid
461 1939 543 1979 tibi
589 1952 667 1994 ego
710 1950 880 1978 morem
922 1939 988 1978 vis
1029 1938 1207 1993 geram?
1272 1940 1345 1978 Ta.
1385 1939 1469 1978 Abi
1506 1938 1669 1994 quaeso
1723 1957 1726 1960 ⁴

101 2000 104 2003 ‚
329 2059 334 2063 ¹
1028 2014 1134 2054 hinc
1170 2003 1365 2053 domum.
1735 1994 1742 2008 ¹

151 2094 256 2135 DA.
287 2090 483 2147 Abegm?
547 2091 623 2131 Ta.
651 2089 809 2130 Redito
841 2091 930 2130 huc
957 2089 1127 2128 circiter
1152 2087 1347 2128 meridie.

153 2170 259 2210 DA.
290 2165 573 2215 Reddeturne
601 2167 733 2221 igitur
761 2165 920 2206 fenus?
970 2167 1044 2205 ΤΒ.
1075 2164 1317 2204 Reddetur:
1353 2174 1472 2201 nunc
1495 2163 1576 2202 abi.

154 2245 258 2286 DA.
289 2243 408 2298 Quid
438 2255 518 2297 ego
546 2243 634 2283 huc
662 2240 891 2289 recursem,
925 2251 998 2281 aut
1031 2253 1206 2295 operam
1238 2237 1417 2284 sumam,
1455 2248 1530 2277 aut
1560 2249 1660 2277 con-

1032 2314 1199 2354 teram?

153 2393 299 2448 Quid,
330 2394 357 2432 fi
390 2394 466 2445 hic,
494 2395 680 2434 manebo
709 2394 854 2448 potius
883 2390 935 2431 ad
965 2388 1245 2429 meridiem?
1608 2403 1671 2447 55·
1730 2411 1742 2435 Ἴ;

162 2471 236 2511 Tn.
269 2470 407 2510 Immo
435 2470 507 2509 abi
535 2469 729 2513 domum,
760 2480 908 2507 verum
939 2466 1083 2505 hercle
1111 2465 1235 2506 dico:
1268 2466 1340 2505 abi
1369 2465 1516 2506 modo.
1716 2442 1742 2534 ’ξ

156 2545 261 2585 DA.
295 2544 414 2599 Quin
444 2558 523 2585 vos
551 2546 661 2583 mihi
692 2545 819 2590 fenus
845 2543 954 2588 date,
986 2540 1091 2594 quid
1119 2541 1380 2595 ungamini?
1736 2550 1739 2561 ²

162 2623 237 2661 Ta.
266 2621 346 2668 Eu,
378 2622 535 2666 hercle,
565 2632 644 2659 nae
672 2631 719 2659 tu
755 2620 826 2659 abi
854 2616 1001 2658 modo.
1032 2614 1219 2657 ausculta
1252 2617 1376 2675 mihi.
1715 2621 1740 2702 ,i

150 2697 256 2739 DA.
277 2698 383 2745 Iam,
405 2697 563 2743 hercle,
593 2707 672 2751 ego
696 2695 831 2734 illunc
858 2692 1096 2739 nominabo
1115 2715 1169 2724 —
1220 2694 1294 2732 Ta.
1317 2690 1437 2746 Euge
1463 2685 1654 2729 strenue!
