1742 2924
206 146 301 199 838
743 144 1182 193 ’ϊιινειύιιῑῑεί-’ῐκ

411 325 415 343 Ι
450 262 670 305 ACTvs
713 256 767 304 111ss
826 263 1046 304 SCENA
1087 266 1154 305 VI.
1199 267 1342 319 potius
1377 267 1444 308 w.

333 365 769 406 STRATOPHANES,
827 364 1205 406 rflnoNESWM,
1258 367 1581 402 Asrffmvm,

256 455 325 494 Ne
354 452 619 507 exspectetis,
657 451 927 507 spectatores,
959 458 1076 492 meas
1106 467 1270 509 pugnas
1303 455 1408 495 dum
1438 445 1707 511 praedicem:

201 529 408 570 Manibus
439 529 571 567 duelli
609 512 852 583 praedicare
883 527 1032 576 solem!
1061 529 1175 568 haud
1194 514 1255 568 'in
1285 530 1568 572 sermonibus.

199 606 302 646 Scio
330 618 432 660 ego,
463 605 624 645 multos
655 600 952 643 memorauiss'e
980 604 1139 645 milites
1166 606 1457 648 mendacium.

197 682 255 721 Et
287 679 608 720 Homeronidae
635 679 841 720 Poetillae
875 679 994 718 mille
1020 683 1250 720 memorari
1281 673 1430 737 itemst,

199 758 292 811 Qui
320 765 363 797 et
391 755 586 795 conuicti
623 764 665 793 et
696 754 973 794 condemnati
1001 753 1110 794 falfis
1139 754 1192 795 de
1222 760 1380 812 pugnis
1409 757 1528 798 sient.
1587 798 1597 801 ,
1682 769 1701 802 ς

194 833 299 873 Non
318 831 558 872 laudandus
580 829 648 875 est,
674 831 777 883 quoi
795 832 892 884 plus
915 829 1050 869 credit
1066 832 1143 886 qui
1162 831 1298 877 audit,
1318 845 1447 887 quam
1468 833 1546 887 qui
1566 831 1702 871 videt.

195 909 300 962 Non
342 909 505 964 placet,
552 919 690 961 quum
727 906 791 946 illi
823 906 919 961 plue
960 905 1159 952 laudant,
1203 908 1279 961 qui
1315 907 1525 953 audiunt,
1569 900 1702 962 quam

1070 979 1146 1032 qui
1182 978 1347 1018 vident.

191 1052 332 1093 Pluris
363 1050 420 1092 est
452 1053 649 1092 oculatus
679 1051 792 1092 testis
826 1066 960 1098 vnus,
1003 1067 1129 1108 quam
1157 1055 1284 1094 auriti
1314 1046 1478 1093 decem.

190 1130 286 1182 Qui
315 1128 522 1173 audiunt,
554 1127 697 1168 audita
726 1127 900 1168 dicunt:
932 1129 1007 1182 qui
1037 1128 1211 1174 vident,
1242 1130 1370 1184 plane
1395 1126 1550 1168 fciunt.

190 1205 295 1246 Non
314 1205 467 1259 placet,
493 1216 624 1258 quem
657 1202 819 1242 scurrae
843 1203 1032 1249 laudant,
1059 1205 1350 1258 manipulares
1374 1201 1613 1244 muffitant:
1649 1215 1699 1242 ιο
1719 1232 1723 1236 .

190 1281 342 1334 Neque
367 1281 444 1325 illi,
475 1291 662 1332 quorum
685 1279 828 1333 lingua
849 1279 1092 1333 gladiorum
1115 1282 1252 1319 aciem
1274 1279 1539 1336 praestringit
1559 1279 1695 1321 domi.
1738 1260 1742 1307 Ἰ

190 1356 365 1396 Strenui
394 1347 533 1393 nimio
562 1354 657 1407 plus
690 1351 867 1405 prosunt
891 1355 1070 1408 populo,
1098 1368 1227 1409 quam
1255 1357 1393 1411 arguti
1422 1365 1466 1397 et
1485 1355 1587 1396 cati.
1682 1366 1687 1371 '
1716 1374 1742 1401 ¹,

187 1431 330 1470 Facile
364 1431 440 1469 fibi
471 1429 784 1468 facunditatem
816 1430 954 1468 virtus
990 1440 1180 1483 argutam
1212 1431 1394 1471 inuenit.
1731 1430 1736 1438 '

187 1507 294 1546 Sine
315 1508 479 1545 virtute
508 1514 710 1559 argutum
732 1505 877 1542 ciuem
903 1505 1016 1543 mihi
1045 1505 1227 1544 habeam
1250 1518 1328 1561 pro
1345 1493 1546 1561 praefica,

187 1582 312 1637 Quae
342 1582 448 1621 alios
482 1578 734 1624 conlaudat,
773 1577 894 1634 eapse
936 1577 976 1618 se
1008 1592 1111 1619 vero
1148 1593 1240 1621 non
1269 1580 1417 1634 potest.
1644 1574 1691 1632 ές
1734 1567 1742 1618 ἶ

183 1638 316 1697 Nunc
345 1656 398 1695 ad
428 1656 627 1701 amicam,
661 1654 847 1694 decumo
879 1654 1027 1694 mense
1058 1654 1161 1710 post,
1191 1657 1378 1697 Athenas
1406 1658 1567 1698 Attica·
1737 1658 1742 1679 ¹

182 1730 297 1777 viso,
321 1744 452 1786 quam
480 1729 702 1785 grauidam
729 1731 885 1786 reliqui
912 1744 1008 1774 meo
1038 1732 1292 1787 compress'n,
1321 1727 1428 1787 quid
1458 1745 1506 1771 ea
1527 1741 1635 1788 agat.

184 1808 277 1847 PH.
315 1806 436 1852 Vide,
480 1807 576 1861 quis
613 1806 817 1861 loquitur.
879 1804 960 1847 As.
999 1808 1086 1846 lam
1118 1809 1363 1862 propinque
1400 1808 1550 1855 miles,
1596 1821 1717 1857 mea>

1063 1877 1356 1919 Phronesium.

179 1954 285 1994 Tibi
319 1949 429 1991 adest
458 1951 776 2006 Stratophanes.
803 1942 938 1990 ¹nunt:
977 1952 1057 1992 tibi
1100 1952 1257 2007 opu'st‚
1296 1965 1465 2006 aegram
1492 1961 1541 1991 vt
1568 1962 1616 1993 tu
1649 1963 1692 1993 te
1734 1954 1742 1990 z*

1058 2021 1284 2062 adsimiles.
1334 2024 1424 2062 PH.
1449 2010 1576 2063 Tace.
1737 2007 1741 2019 ’

179 2098 301 2154 Quid
322 2097 464 2137 adhuc
493 2109 597 2151 egeo
622 2096 701 2142 tui,
724 2095 902 2146 malum,
934 2095 1267 2138 admonitricis?
1297 2109 1351 2136 an
1377 2110 1448 2136 me
1474 2096 1687 2140 maleficio
1735 2086 1739 2125 Ῡ

1056 2167 1232 2206 vincere
1268 2166 1354 2207 est?
1634 2175 1687 2209 ab

183 2246 256 2286 Sr.
277 2244 451 2299 Peperit
467 2242 638 2287 mulier,
658 2252 707 2282 vt
730 2254 810 2297 ego
834 2242 1002 2301 opinor.
1038 2239 1121 2282 As.
1144 2243 1238 2282 Vin‘
1260 2242 1410 2282 adeam
1428 2243 1688 2284 hominem?
1733 2222 1739 2273 ij

720 2315 729 2319 “
1060 2312 1150 2351 PH.
1182 2311 1302 2352 Volo.

177 2387 254 2431 ST.
282 2387 416 2442 Euge,
442 2382 711 2440 Astaphium!
751 2397 911 2433 eccam,
948 2386 983 2426 it
1011 2386 1121 2424 mihi
1153 2370 1394 2427 a'duorrum.
1440 2385 1525 2427 Aa.
1558 2381 1685 2429 Salue

1058 2453 1228 2500 ecastor,
1253 2455 1572 2510 Stratophanes.

174 2535 329 2574 Venire
351 2532 578 2571 saluom—
597 2532 674 2571 ST.
692 2530 813 2570 Scio:
834 2528 903 2569 sed
922 2529 1360 2584 peperitne‚obsecro‚
1373 2530 1686 2581 Phronefium?
1733 2549 1735 2593 j

174 2608 258 2651 Aa.
283 2607 454 2665 Peperit
478 2617 665 2662 puerum
690 2605 878 2644 nimium
903 2604 1110 2659 lepidum.
1147 2601 1227 2644 Sr.
1252 2603 1421 2660 Ecquid
1440 2601 1553 2646 mihi
1574 2605 1685 2646 fimi-

1059 2671 1171 2714 li’st?
1216 2672 1299 2717 Aa.
1330 2673 1505 2730 Rogas?
