1742 2924
113 100 208 174 §32
744 105 1019 152 Ponnvtt

1221 178 1226 193 .
1370 184 1371 187 ,

118 221 356 276 Quomodo
385 231 601 265 trecentos
631 223 860 280 Philippos
891 223 1136 277 Collybisco
1165 224 1316 266 villico
1585 235 1632 280 ςς

115 298 314 344 Dederis,
348 314 456 355 quos
489 299 673 347 defi-fret
703 303 789 342 huc
817 301 870 341 ad
901 301 1105 340 lenonem
1139 301 1372 341 inimicum
1401 309 1552 351 tuum;

118 374 248 429 Isque
275 375 313 413 se
338 386 385 414 vt
409 377 665 416 adfimilaret
684 379 963 433 peregrinum
983 375 1062 415 elle
1084 376 1275 422 aliunde,
1294 390 1345 415 ex
1363 377 1446 418 alio
1463 369 1640 434 oppido.

117 451 200 491 vbi
235 452 269 490 is
297 453 502 498 tetulerit‚
535 463 579 493 tu
615 466 665 494 eo
699 453 934 508 quaelitum
969 452 1134 492 seruom
1166 453 1376 493 aduentes
1402 462 1530 494 tuum

120 524 236 567 Cum
257 529 458 581 pecunia.
507 526 595 569 AG.
620 528 879 569 Meministis
906 531 1178 568 memoriter:
1221 527 1412 571 seruastis
1444 543 1530 572 me.

121 599 223 643 AD.
252 602 326 646 Ille
356 605 554 674 negabit,
594 605 889 660 Milphionem
922 606 1068 659 quaeri
1103 604 1291 645 censebit
1326 615 1475 648 tuum:
1549 648 1563 674 ·
1589 606 1644 647 60

121 676 170 716 Id
209 677 452 733 duplicabit
485 693 617 721 omne
647 679 827 721 furtum.
860 681 960 721 leno
990 679 1214 721 addicetur
1244 680 1361 722 tibi.-

123 752 190 793 Ad
223 766 319 793 eam
348 768 439 795 rem
468 768 549 796 nos
580 755 659 796 esse
684 755 796 796 testis
825 757 893 796 vis
923 757 1016 796 tibi.
1077 754 1165 798 Ao.
1198 757 1379 796 Tenetis
1407 769 1513 796 rem.

124 826 224 871 An.
250 829 326 870 Vix
355 831 536 886 quidem
560 832 719 879 hercle,
753 834 812 873 ita
839 832 1029 887 pauxilla
1055 831 1123 876 est,
1152 831 1346 886 digitulis
1368 832 1644 887 primoribus.

124 901 219 947 Aa.
255 905 356 946 Hoc
395 907 484 948 cito
526 917 567 947 et
609 909 761 950 curfim
803 907 859 948 est
900 907 1130 963 agendum.
1171 921 1355 962 propera
1391 908 1478 948 iam
1516 921 1649 964 quan-

116 972 118 978 ’
1018 989 1114 1020 tum
1141 976 1289 1033 potest.

127 1049 228 1093 An.
250 1051 372 1094 Bene
394 1057 489 1096 vale
514 1057 667 1112 igitur:
698 1067 740 1097 te
762 1056 994 1097 aduocatos
1021 1055 1176 1095 melius
1205 1054 1354 1095 celeris
1381 1052 1558 1093 ducere:
1597 1052 1648 1103 65
1695 1106 1703 1110 X

127 1125 262 1168 Tardi
297 1128 444 1171 sumus
470 1145 565 1172 nos.
625 1130 714 1173 AG.
745 1132 936 1186 Optume
974 1132 1059 1176 itis,
1093 1129 1283 1185 pessume
1311 1128 1454 1168 hercle
1490 1128 1650 1170 dicitis.

132 1201 255 1256 Quin
288 1207 420 1246 etiam
454 1203 699 1248 deciderint
733 1209 856 1248 vobis
890 1206 1052 1247 femina
1084 1208 1127 1246 in
1164 1208 1270 1246 talos
1301 1205 1448 1244 velim.

130 1275 232 1320 An.
263 1279 319 1320 At
355 1281 509 1337 edepol
552 1296 632 1323 nos
666 1283 745 1323 tibi
778 1284 826 1322 in
861 1284 1030 1323 lumbos
1074 1284 1294 1337 linguam,
1337 1291 1467 1334 atque
1505 1280 1653 1320 oculos

1021 1354 1066 1390 in
1095 1351 1247 1402 solum.

133 1421 226 1467 Aa.
258 1424 359 1471 Eia,
394 1427 512 1467 haud
540 1427 726 1468 vostrum
759 1429 828 1474 est,
864 1427 1224 1473 iracundos'effe‚
1258 1428 1376 1482 quod
1415 1428 1505 1469 dixi
1542 1432 1652 1472 ioco.

133 1497 233 1542 AD.
256 1501 350 1541 Nec
374 1512 498 1542 tuum
523 1505 700 1558 quidem
723 1504 792 1551 est,
816 1506 964 1545 amicis
987 1517 1063 1559 per
1086 1505 1231 1544 iocum
1256 1503 1411 1544 iniuste
1434 1506 1570 1559 loqui,
1604 1521 1656 1554 70

136 1575 229 1619 Aa.
281 1578 449 1619 Mittite
496 1578 644 1620 istaec:
695 1581 804 1639 quid
847 1559 1009 1626 velim,
1067 1593 1145 1619 vos
1196 1578 1324 1618 scitis.
1383 1579 1481 1622 An.
1525 1579 1676 1625 caue-s

183 1647 185 1649 ¹
1030 1663 1129 1689 mus
1167 1649 1330 1703 probe:

136 1721 364 1763 Lenonem
392 1726 615 1779 periurum
643 1737 692 1767 vt
709 1705 878 1780 perdas,
903 1726 955 1773 ‘id
984 1724 1136 1765 studes.
1182 1722 1272 1765 Ao.
1300 1722 1479 1763 Tenetis
1499 1736 1605 1766 rem.

138 1798 254 1839 Ecce
286 1801 532 1856 obportune
562 1803 842 1858 egrediuntur
871 1802 1060 1857 Milphio
1092 1813 1178 1839 vna
1210 1808 1253 1838 et
1278 1799 1464 1840 villicus,

79 1923 85 1929 .
141 1873 320 1917 Bafilice
350 1888 581 1919 exornatus
613 1879 802 1926 incedit,
846 1888 890 1918 et
923 1877 1042 1916 fabre
1069 1875 1123 1915 ad
1152 1873 1378 1938 fallaciam.

445 2020 730 2062 ACTVS
788 2016 878 2062 111.
949 2016 1239 2060 SCE‘NA
1295 2017 1360 2057 11.

196 2111 449 2156 murino,
487 2115 841 2156 comescvs,
875 2108 1291 2149 AGORASTOCLES‚
1328 2108 1610 2140 AnvocATn

146 2213 235 2255 Iam
260 2225 382 2256 tenes
403 2226 630 2270 praecepta
651 2217 696 2255 in
718 2213 863 2255 eosdm
900 2213 979 2254 Co.
998 2211 1165 2251 Pulcre.
1201 2209 1287 2250 Mt.
1301 2206 1407 2247 Vide
1430 2207 1479 2246 fis
1501 2208 1667 2247 calleas.

156 2291 238 2334 Co.
260 2290 382 2344 Quid
405 2289 540 2347 opu'st
563 2290 738 2332 verbis?
770 2291 928 2330 callum
960 2297 1209 2343 aprugnum
1235 2283 1388 2324 callere
1413 2295 1547 2338 aeque
1577 2294 1669 2322 non

1037 2357 1182 2396 finam.

153 2437 244 2478 Mt.
266 2434 351 2476 Fac
374 2436 523 2482 modo,
549 2446 599 2477 vt
628 2436 840 2478 condocta
864 2434 948 2474 tibi
968 2434 1047 2474 [int
1071 2432 1185 2472 dicta
1213 2427 1267 2469 ad
1299 2427 1412 2467 hanc
1443 2424 1668 2467 fallaciam.

160 2512 242 2555 Co.
261 2510 381 2565 Quin
405 2509 562 2567 edepol
586 2512 843 2553 condoctior
867 2508 976 2554 sum,
999 2520 1128 2562 quam
1148 2502 1364 2558 Tragoedi
1389 2512 1462 2543 aut
1485 2501 1672 2542 Comici.

154 2589 244 2630 M1.
274 2587 446 2631 Probus
472 2587 607 2631 homo
638 2601 697 2629 es.
756 2586 847 2631 AG.
873 2584 1086 2627 Adeamus
1113 2581 1314 2636 propius,
1352 2578 1507 2619 adsunt
1536 2577 1673 2620 testes.

1037 2653 1127 2696 Mz.
1160 2651 1249 2691 Tot
1280 2647 1460 2706 quidem
1653 2659 1672 2695 ς
