1742 2924
187 118 278 165 588
365 160 368 170 ,,
442 164 445 167 ,
547 123 549 125 ·
692 115 1210 162 Μοςτειιίιιιιιηε.

184 233 251 275 Ne
281 230 387 289 quid
413 240 604 278 metuas,
643 229 756 271 nihil
785 229 899 272 sciet.
964 233 1037 273 Ta.
1069 233 1254 275 Patrone
1281 235 1409 279 salue.
1461 260 1465 265 ·

190 314 257 354 St.
287 307 410 350 Nihil
437 320 584 350 moror
613 303 724 346 mihi
753 303 995 347 istiusmodi
1027 307 1220 352 clientes.

189 387 264 426 Tu.
299 385 429 425 Nunc
458 385 543 423 hoc
574 381 693 437 quod
721 380 774 420 ad
804 390 846 422 te
878 382 1017 424 noster
1047 399 1118 425 me
1150 384 1262 427 mifit
1292 385 1430 429 senex.
1478 422 1482 427 .
1633 393 1687 432 60

102 510 110 519 ,
189 461 255 503 St.
288 461 383 513 Hoc
413 457 525 499 mihi
555 455 767 511 responde
794 454 999 511 primurn,
1027 461 1146 513 quod
1178 475 1258 517 ego
1286 471 1329 502 te
1353 464 1489 519 rogoin

177 538 271 577 lam
303 535 356 574 de
390 531 478 574 istis
507 532 634 573 rebus
664 529 804 571 voster
836 529 943 586 quid
973 534 1093 575 senfit
1119 535 1282 578 senex?
1545 531 1550 533 ἓ

186 611 259 651 Ta.
292 608 413 650 Nihil
443 607 697 663 quidquam.
751 610 817 649 St.
847 607 1075 662 Numquid
1105 608 1346 667 in'crepauit
1375 612 1546 655 filium?

185 690 259 729 Ta.
291 689 402 728 Tam
429 683 622 742 liquidus
651 684 720 731 est,
754 698 884 739 quam
918 682 1081 740 liquida
1121 688 1201 727 effe
1230 676 1457 747 tempestass
1480 691 1599 732 solet.

174 765 308 808 Nunc
338 776 379 805 te
409 765 494 803 hoc
521 775 638 802 orare
669 758 786 801 iuffit
815 774 942 816 opere
971 777 1190 813 maxumo,
1629 766 1680 816 65

175 843 230 881 Vt
261 837 336 880 fibi
366 836 514 879 liceret
544 834 754 890 inspicere
782 820 859 878 has
889 839 1016 878 aedes
1057 849 1164 880 tuas.

184 921 249 962 St.
276 918 379 959 Non
412 916 512 956 sunt
537 915 725 955 venales.
780 915 855 955 Ta.
876 911 974 954 Scio
1002 912 1205 970 equidem
1229 914 1348 960 istuc.
1377 918 1450 960 sed
1474 919 1603 962 senex

176 996 457 1048 Gynaeceum
484 987 708 1031 aedificare
737 991 830 1032 volt
858 988 932 1030 hic
963 986 1010 1028 in
1039 988 1137 1036 suis,

173 1070 230 1111 Et
260 1065 452 1110 balineas
481 1075 524 1106 et
554 1066 848 1106 ambulacrum
878 1074 922 1104 et
948 1063 1180 1119 porticum.

181 1146 246 1188 St.
281 1142 399 1200 Quid
424 1138 776 1184 consomuiauit?
836 1140 909 1180 ΤΒ.
942 1140 1036 1195 Ego
1067 1139 1210 1181 dicam
1237 1138 1339 1182 tibi:
1626 1157 1680 1194 70

171 1223 284 1261 Dare
315 1220 409 1259 volt
437 1230 614 1256 onrem
644 1215 732 1256 filio
771 1227 985 1272 quantum
1017 1214 1176 1269 potest:

172 1293 238 1337 Ad
265 1307 359 1333 eam
389 1305 479 1332 rem
510 1290 649 1332 facere
683 1284 774 1332 volt
802 1305 972 1332 nouum
1004 1305 1288 1346 gynaeceum.

167 1372 285 1414 Nam
319 1365 394 1409 fibi
423 1366 607 1425 laudaffe
640 1367 767 1407 hasce
803 1364 863 1406 ait
892 1366 1227 1410 architectonem

169 1443 329 1505 Nescio
362 1459 517 1501 quem,
558 1443 638 1482 ess'e
667 1440 909 1483 aedificatas
941 1443 1016 1483 has
1046 1443 1143 1483 sane
1170 1446 1296 1484 bene.

169 1522 302 1565 Nune
329 1518 436 1561 hinc
467 1519 713 1572 exemplum
744 1531 893 1573 capere
917 1521 1031 1565 volt,
1065 1519 1141 1559 nist
1174 1529 1225 1561 tu
1254 1519 1395 1575 neuis,
1623 1541 1671 1577 75

177 1602 257 1658 Sl&
280 1599 371 1639 Nae
400 1596 473 1637 ille
501 1594 614 1636 malo
646 1589 826 1648 quidem
858 1594 911 1633 ab
939 1609 1068 1650 opere
1094 1598 1340 1650 exemplum
1374 1595 1495 1651 petit.
1547 1635 1549 1638 Α

176 1677 249 1716 Ta.
282 1667 395 1729 Quia
423 1666 498 1712 hic
529 1665 699 1709 audiuit
723 1667 803 1708 effe
836 1668 1032 1710 aestatem
1060 1671 1323 1723 perbonam:

171 1751 261 1793 Sub
291 1747 363 1790 d-io
396 1743 480 1788 coli
512 1745 674 1799 absque
704 1743 789 1785 sole
818 1753 1080 1799 perpetuum
1107 1743 1238 1787 diem.

177 1830 242 1869 81.
265 1827 405 1866 Immo
428 1822 584 1876 edepol
607 1835 725 1867 vero,
746 1836 885 1876 quum
904 1835 1040 1877 vsque
1063 1835 1234 1877 quaque
1262 1825 1410 1864 vmbra
1430 1825 1500 1874 est,
1527 1839 1673 1876 tamen

169 1902 243 1944 Sol
276 1900 440 1953 semper
465 1895 538 1937 hic
568 1898 624 1937 est
657 1914 700 1937 v
687 1911 794 1954 sque
822 1912 844 1938 a
874 1897 993 1938 mani
1025 1899 1078 1939 ad
1109 1897 1350 1954 vesperum,
1620 1913 1673 1950 30

112 2030 115 2033 Ι
168 1979 296 2035 Quasi
329 1971 539 2032 flagitator
567 1974 696 2015 adstat
728 1989 864 2031 vsque
892 1974 944 2014 ad
974 1973 1143 2016 ostium.

161 2051 259 2094 Nec
283 2047 393 2091 mihi
420 2050 571 2088 vmbra
599 2064 782 2104 vsquam
811 2049 882 2097 est,
913 2047 990 2088 nifi
1026 2045 1073 2088 in
1102 2059 1234 2105 puteo
1263 2034 1489 2111 quaepiam
1517 2061 1595 2103 est

158 2129 246 2169 'Tm
272 2122 407 2181 Quid,
439 2122 656 2165 Sarsinatis
688 2138 823 2179 ecqua
852 2125 941 2166 est?
983 2126 1230 2168 [iVmbram
1261 2142 1351 2187 non
1387 2133 1532 2176 habes.

173 2204 239 2245 St.
273 2200 477 2241 Molestus
508 2214 562 2241 ne
596 2202 668 2242 fis:
705 2202 786 2242 hae
818 2202 914 2241 sunt
943 2203 1048 2241 ficut
1074 2201 1289 2256 praedico.

171 2281 244 2321 Ta.
280 2280 478 2319 Attamen
505 2274 714 2331 inspicere
744 2278 849 2317 volt.
915 2280 981 2319 Sz.
1012 2275 1235 2332 Inspiciat‚
1264 2281 1290 2319 fi
1317 2282 1460 2331 luben
1613 2293 1664 2340 ες
1737 2326 1741 2329 ,

164 2354 210 2398 Si
244 2351 350 2412 quid
378 2351 481 2401 erit,
513 2353 632 2409 quod
657 2351 721 2394 illi
751 2355 935 2408 placeat,
971 2352 1026 2391 de
1056 2355 1259 2409 exemplo
1278 2369 1378 2397 meo
1441 2391 1448 2394 Α

162 2430 254 2488 Ipse
283 2445 330 2471 ae
310 2427 519 2470 edificate.
570 2417 643 2468 Ta.
666 2428 773 2467 Eon'
783 2429 806 2469 ⁴?
835 2440 948 2469 voco
971 2428 1059 2467 huc
1087 2426 1327 2472 hominem.
1379 2435 1662 2484 81.1‚v0ca

168 2508 242 2548 Tn.
265 2502 554 2546 Alexandrum
586 2517 796 2559 magnum
823 2514 952 2558 atque
972 2501 1252 2556 Agathoclem
1285 2503 1406 2550 aiunt
1440 2512 1662 2558 maxuma,

159 2582 261 2621 Duo
290 2592 355 2620 res
387 2576 556 2635 geffiss'e.
599 2577 706 2634 quid
733 2575 845 2619 mihi
877 2577 950 2619 fiet
978 2575 1121 2641 tertio.
1402 2633 1405 2635 ‚

160 2655 251 2715 Qui
277 2656 393 2699 [olus
424 2651 554 2696 facio
569 2650 762 2695 facinora
793 2649 1069 2695 inmortalia?
1148 2685 1149 2688 η
1271 2682 1274 2687 ψ
1302 2685 1323 2692 ,.
1452 2644 1497 2692 ’.«
1547 2686 1551 2690 .
1606 2675 1660 2717 90

432 2758 435 2760 ,
468 2754 496 2761 a.
