1742 2924
143 105 249 159 588'
474 168 479 176 Κ
741 101 1048 146 Psevnon‘t

136 226 302 265 Omnes
332 218 483 276 ordine
513 215 590 259 sub
624 217 751 273 fignis
782 216 936 257 ducam
967 218 1162 274 legiones
1193 230 1325 266 meae,

135 300 219 340 Aui
251 295 432 341 (misna,
471 292 661 348 auspicio
691 291 887 349 liq'uido,
929 302 1060 349 atque
1090 307 1142 333 ex
1169 279 1423 336 sententiaa

137 372 418 426 confidentia
450 368 519 416 est,
549 370 754 409 inimicos
783 381 904 409 meos
934 381 1007 408 me
1036 370 1151 424 poffe
1181 371 1393 425 perdere„

135 450 268 491 Nunc
298 448 372 487 ibo
407 446 459 486 ad
487 443 645 491 forum,
680 455 810 500 atque
837 445 1025 485 onerabo
1055 446 1164 486 meis
1194 446 1433 501 praeceptis
1456 445 1652 492 Simiam,

139 525 259 579 Quid
282 532 391 578 agat,
419 534 476 561 ue
503 521 609 576 quid
638 520 809 564 titubet,
835 518 960 560 docte
983 530 1032 560 vt
1061 522 1174 561 hanc
1199 521 1307 562 ferat
1326 520 1552 569 fallaciam.
1572 520 1577 524 ’
1600 534 1647 568 7ς

135 603 230 641 lam
257 611 336 655 ego
358 598 445 637 hoc
466 597 606 652 ipsum
629 593 841 651 oppidum
865 606 1155 651 expugnatum
1182 597 1280 638 faxo
1306 597 1387 637 erit
1409 597 1652 638 lenonium.

452 776 747 819 ACTVS
805 777 893 817 111.
969 776 1257 820 SCENA
1314 782 1343 820 1.

807 887 982 918 PVER.

191 988 276 1029 Cui
306 987 562 1027 seruitutem
595 987 641 1026 di
677 986 846 1026 danunt
874 969 1097 1026 lenonia-m

131 1065 297 1111 Puero,
327 1075 456 1118 atque
488 1062 632 1102 eidem
666 1062 692 1101 fi
726 1060 890 1100 addunt
919 1062 1252 1117 turpitudinem,

131 1143 225 1182 Nae
256 1142 342 1185 illi,
375 1149 588 1194 qnantum
618 1151 696 1192 ego
724 1149 844 1176 nunc
876 1136 1005 1177 corde
1035 1136 1255 1193 conspicio
1284 1152 1400 1186 meo,

130 1218 293 1257 Malam
324 1229 426 1255 rem¹
449 1227 649 1270 magnam
682 1213 930 1266 multasque
959 1225 1185 1253 aerumnas
1213 1213 1403 1254 danunt:

129 1294 258 1333 Velut
287 1292 395 1331 haec
422 1291 534 1330 mihi
565 1290 711 1329 euenit
739 1287 949 1335 seruitus,
988 1287 1066 1327 vbi
1097 1301 1176 1343 ego
1211 1290 1424 1330 omnibus
1628 1297 1648 1340 ς’

127 1369 276 1409 Paruis
303 1368 564 1421 magnisque
593 1362 777 1403 miseriis
818 1361 1098 1418 praefulcior3

129 1445 284 1497 Neque
315 1456 391 1497 ego
425 1450 660 1481 amatorem
687 1439 798 1477 mihi
840 1438 1044 1478 inuenire
1074 1439 1210 1478 vllum
1245 1452 1372 1493 queo,

130 1521 221 1574 Qui
250 1526 363 1558 amet
390 1531 484 1563 me,
516 1525 568 1555 vt
594 1523 718 1555 curet
746 1512 921 1553 tandem
956 1512 1254 1554 nitidiuscule.

127 1597 260 1636 Nunc
290 1595 394 1633 huic
426 1592 578 1632 lenoni
608 1589 665 1629 est
688 1589 822 1629 hodie
849 1589 1004 1649 natalis
1034 1587 1139 1628 dies.

127 1671 441 1711 Interminatus
472 1665 528 1706 est
561 1679 582 1704 a
612 1666 800 1704 minimo
837 1663 891 1704 ad
921 1676 1191 1711 maxumum,
1601 1679 1650 1708 η

127 1747 174 1786 Si
206 1748 303 1800 quis
334 1757 421 1784 non
450 1735 583 1782 hod'ie
614 1753 776 1781 munus
804 1739 974 1781 mififfet
1005 1739 1095 1787 fibi,

125 1821 238 1859 Eum
273 1831 361 1859 cras
393 1818 584 1858 cruciatu
612 1829 818 1856 maxumo
847 1814 1078 1870 perbitere.

126 1896 258 1936 Nunc
285 1893 428 1934 neseio
459 1894 627 1939 hercle,
666 1892 794 1932 rebus
822 1891 930 1947 quid
961 1890 1119 1934 faciam
1150 1893 1274 1932 meis.

109 1973 279 2025 -Neque
308 1983 388 2024 ego
422 1967 532 2009 illud
557 1968 746 2022 possum,
774 1968 891 2023 quod
922 1968 988 2007 illi
1015 1966 1211 2022 possunt,
1238 1970 1316 2023 qui
1346 1966 1507 2009 solent!

125 2048 257 2088 Nunc
287 2048 364 2087 nisi
401 2046 546 2085 lenoni
578 2057 741 2084 munus
771 2043 905 2085 hodie
938 2040 1110 2089 misero,
1597 2061 1645 2098 15

125 2124 229 2163 Cras
260 2122 371 2164 mihi
401 2118 814 2177 potandus‘fructus
845 2117 901 2158 est
939 2117 1164 2159 fullonius.

123 2196 271 2237 Eheu!
311 2183 440 2253 quam
470 2196 566 2236 iliae
597 2196 662 2236 rei
694 2207 773 2249 ego
805 2195 936 2234 etiam
966 2207 1086 2234 nunc
1115 2195 1209 2234 sum
1237 2192 1467 2248 paruulus!

125 2277 267 2328 Atque
297 2273 452 2327 edepol
484 2281 530 2310 vt
563 2283 681 2310 nunc
715 2271 826 2310 male
859 2283 961 2309 eum
989 2279 1140 2310 metuo
1173 2266 1322 2308 miser!

125 2350 172 2389 Si
206 2350 422 2403 quispiam
455 2345 550 2391 det,
582 2347 686 2399 quoi
716 2358 869 2384 manus
901 2345 1072 2399 grauior
1103 2344 1191 2388 fiet.

129 2425 405 2478 Quamquam
439 2420 547 2460 illud
575 2423 698 2460 aiunt
728 2433 886 2474 magno
919 2421 1084 2474 gemitu
1109 2418 1217 2465 fieri,
1599 2435 1649 2462 20

125 2499 427 2552 Comprimere
459 2497 609 2536 dentes
643 2496 792 2536 videor
822 2494 938 2549 poss'e
976 2474 1124 2549 aliouo
1155 2491 1302 2533 modo.

125 2575 209 2613 Sed
243 2571 569 2626 comprimenda
600 2570 656 2610 est
686 2571 799 2610 mihi
831 2584 917 2610 vox
956 2580 1083 2624 atque
1116 2570 1284 2616 oratio„

127 2650 270 2691 Herus
299 2662 451 2691 eccum
479 2647 637 2704 recipit
667 2645 706 2686 se
737 2646 1015 2692 domum‚‚et
1045 2644 1166 2685 ducit
1197 2656 1397 2699 coquom.
