1742 2924
185 183 272 227 142
586 200 589 203 μ
750 170 1150 222 ΔνινιΑκιΑ’

152 293 302 334 ‘Meus
332 290 420 331 fuit
447 297 574 344 pater·
595 290 899 332 Antimachus:
932 305 1011 348 ego
1039 299 1173 335 vocor
1203 295 1470 347 Lyconides:

170 370 310 409 Mater
328 367 384 436 est
393 367 622 411 Eunomia.
643 370 736 408 Er.
752 367 869 409 Noui
890 383 1038 423 genus.
1061 382 1181 410 nunc
1195 372 1302 427 quid
1316 374 1381 414 vis
1394 374 1414 414 ‘2
1433 373 1603 414 ‘id'volo
1624 390 1674 427 50

160 444 368 490 .Noscere.
403 445 488 484 Lr.
508 441 661 482 Filiam
683 457 732 481 ex
754 453 792 483 te
813 454 862 482 tu
882 444 1027 484 habes.
1058 447 1150 486 Er.
1169 447 1308 487 Immo
1331 451 1522 489 eccillam
1539 450 1683 491 domi:

174 522 260 562 Lr.
288 521 393 559 Eam
416 529 465 559 tu
488 516 760 573 despondisti,
786 520 956 572 opinor,
981 534 1079 560 meo
1104 524 1330 563 avonculo.
1378 526 1467 565 Er.
1486 525 1675 565 Omnem

537 592 540 595 '
1052 609 1142 636 rem
1174 608 1306 638 tenes.

169 671 257 712 Lr.
286 670 327 708 Is
355 681 427 707 me
459 679 578 707 nunc
608 669 853 709 renuntiare
890 670 1121 723 repudium
1153 671 1268 711 iuffit
1299 674 1394 714 tibi.

170 747 264 790 EV.
293 743 558 799 Repudium,
588 745 714 784 rebus
744 746 929 799 paratis„
947 755 1074 801 atque
1103 749 1316 788 exornatis
1349 749 1545 802 nuptiis?

171 820 224 865 Vt
258 820 382 860 illum
415 819 460 858 di
496 820 744 860 inmortales
782 834 931 861 omnes
959 820 1172 876 deaeque,
1218 835 1427 879 quantum
1459 823 1537 871 est,
1579 838 1675 880 per·
1739 823 1742 825 ’

1055 896 1195 944 ᾶῑΙίῐΙῒ,
1619 914 1670 951 55

169 972 315 1027 Quem
347 979 521 1024 propter
550 968 683 1009 hodie
710 969 802 1009 auri
834 978 1003 1010 tantum
1033 971 1220 1026 perdidi,
1252 972 1416 1019 infelix,
1445 974 1583 1014 miser.

169 1049 256 1090 Lr.
287 1046 412 1086 Bono
452 1047 596 1085 animo
637 1057 703 1091 es,
739 1053 782 1084 et
813 1043 924 1085 bene
969 1046 1079 1087 dice.
1116 1060 1236 1089 nunc
1274 1060 1384 1104 quae
1411 1058 1476 1090 res
1511 1049 1596 1103 tibi
1629 1059 1704 1091 et,

1050 1135 1202 1179 gnatae
1232 1135 1330 1164 tuae
1519 1129 1523 1131 ”

165 1201 285 1242 Bene
319 1199 590 1253 feliciterque
617 1207 770 1237 vortat.
830 1198 892 1237 Ita
922 1198 967 1237 di
999 1198 1148 1245 faxint,
1182 1184 1368 1255 inquito.

167 1279 261 1318 Er.
284 1277 345 1315 Ita
368 1274 413 1312 di
437 1273 608 1313 faciant.
641 1275 727 1313 Lr.
748 1273 802 1312 Et
822 1275 932 1312 mihi
957 1274 1014 1313 ita
1037 1274 1078 1312 di
1102 1272 1274 1314 faciant.
1298 1277 1399 1315 audi
1425 1291 1543 1319 nunc
1565 1281 1668 1322 iam.

166 1353 256 1407 Qui
276 1352 410 1398 homo
439 1349 606 1402 culpam
627 1348 793 1388 admifit
812 1350 857 1387 in
879 1348 936 1395 se,
964 1349 1108 1388 nullus
1127 1348 1184 1389 est
1210 1360 1296 1390 tam
1320 1354 1441 1404 parui
1465 1357 1587 1407 preti,
1613 1362 1668 1401 60

152 1427 287 1482 vQuin
313 1424 486 1480 pudeat,
519 1425 625 1478 quin
647 1434 799 1479 purget
827 1423 881 1462 se.
914 1437 1033 1463 nunc
1054 1435 1095 1464 te
1122 1423 1318 1471 obtestor,
1347 1427 1517 1476 Eucli03

165 1502 211 1543 Si
235 1501 343 1557 quid
366 1513 445 1555 ego
480 1512 572 1554 erga
607 1510 650 1540 te
685 1499 920 1553 inprudens
949 1500 1128 1554 peccaui
1155 1511 1228 1540 aut
1255 1513 1429 1556 gnatam
1459 1513 1595 1552 tuam,

162 1579 218 1617 Vt
243 1577 354 1616 mihi
383 1573 596 1630 ignoscas,
613 1587 794 1630 eamque
823 1587 999 1614 vxorem
1023 1574 1135 1613 mihi
1163 1574 1252 1621 des,
1284 1585 1332 1615 vt
1352 1577 1467 1632 leges
1499 1579 1666 1623 iubent.
1715 1584 1719 1587 ’

160 1653 253 1708 Ego
284 1664 355 1690 me
391 1650 595 1691 iniuriam
629 1649 769 1701 feciffe
797 1647 910 1690 filiae
941 1647 1076 1688 fateor
1106 1657 1218 1695 tuae,

162 1729 329 1769 Cereris
359 1726 534 1781 vigiliis,
562 1738 639 1779 per
669 1725 836 1769 vinum,
871 1734 1000 1778 atque
1030 1722 1201 1777 inpulsu
1230 1723 1554 1767 adolescentiae.
1610 1734 1663 1782 65

166 1806 258 1845 Etr.
279 1802 376 1842 Heu
393 1799 523 1840 mihi!
552 1798 668 1855 quod
683 1798 852 1838 facinus
870 1812 919 1838 ex
939 1809 978 1838 te
997 1795 1260 1853 ego'audio‘?
1285 1801 1371 1841 Lr.
1393 1802 1480 1841 Cur
1498 1804 1666 1845 eiulas?

163 1879 303 1932 Quem
340 1891 418 1931 ego
450 1860 576 1916 avom
600 1873 691 1931 feci
718 1875 801 1913 iam
830 1884 878 1914 vt
908 1872 1008 1913 effes
1037 1871 1149 1913 filiae
1177 1861 1364 1929 nuptiis:

161 1954 272 1995 Nam
298 1963 369 1993 tua
397 1962 522 2007 gnata
543 1950 723 2005 peperit,
747 1949 933 1990 decumo
954 1948 1100 1989 mense
1122 1948 1235 2004 post:
1274 1963 1508 1992 numerum
1537 1967 1664 2008 cape:

125 2058 127 2060 -
159 2029 218 2068 Ea
246 2041 293 2068 re
320 2027 551 2083 repudium
581 2026 739 2065 remisit
769 2025 1017 2066 auunculus
1045 2024 1166 2066 causa
1199 2037 1308 2064 mea.

127 2113 132 2126 ³
156 2102 176 2143 1
203 2106 339 2151 intro,
360 2104 572 2162 exquire,
610 2102 715 2142 fitne
747 2102 828 2148 ita,
866 2111 914 2141 vt
943 2114 1022 2157 ego
1047 2099 1261 2156 praedico.
1300 2101 1414 2166 ⁸‘Era
1444 2099 1560 2139 Perii
1588 2114 1662 2155 op-

1042 2171 1171 2230 pido!
1604 2189 1662 2226 70

158 2256 218 2294 Ita
249 2253 360 2292 mihi
390 2252 442 2292 ad
471 2251 634 2291 malum
661 2249 797 2290 malae
826 2263 891 2290 res
916 2250 1128 2304 plurimae
1158 2247 1199 2288 se
1228 2247 1510 2303 adglutinant.

122 2325 126 2331 ⁴
156 2316 233 2369 lb'o
262 2330 391 2383 intro,
420 2337 482 2372 vt,
514 2326 618 2381 quid
644 2326 776 2365 huius
804 2327 894 2365 veri
915 2325 975 2372 fit,
1006 2323 1147 2364 sciam.
1190 2324 1276 2364 Ly.
1306 2323 1395 2363 Iam
1424 2332 1465 2361 te
1490 2321 1677 2378 sequor,-

157 2405 276 2443 Haec
306 2401 624 2458 propemodum
653 2399 843 2440 iameffe
873 2402 919 2439 in
954 2401 1064 2441 vado
1094 2398 1239 2438 salutis
1268 2409 1335 2438 res
1363 2396 1547 2437 videtur.

153 2479 283 2519 Nunc
312 2476 481 2517 servom
513 2477 593 2516 effe
618 2477 693 2515 vbi
723 2475 865 2516 dicam
895 2488 1046 2515 meum
1076 2473 1328 2519 Strobilum,
1356 2474 1658 2527 non'1·eperi0.

153 2554 241 2592 Nifi
270 2552 402 2591 etiam
429 2551 503 2591 hic
536 2552 733 2605 opperiar
767 2560 908 2590 tamen
939 2550 1165 2607 paulisper.
1208 2547 1347 2603 postea
1379 2549 1492 2587 intro
1604 2561 1672 2605 75*

154 2629 286 2668 Hunc
313 2625 551 2680 subsequar.
585 2639 704 2666 nunc
732 2628 908 2665 interim
938 2626 1122 2681 spatium
1149 2625 1190 2663 ei
1218 2622 1328 2662 dabo
1361 2621 1615 2676 exquirendi

149 2702 304 2744 Meum
324 2699 484 2746 factum
505 2714 555 2741 ex
576 2709 728 2756 gnatae
750 2699 995 2755 pediss'equa
1017 2699 1187 2741 nutrice
1203 2711 1301 2739 anu.
1333 2710 1381 2738 ea
1402 2710 1493 2738 rem
1517 2698 1658 2739 nouit.
