<?xml version="1.0" encoding="UTF-8"?>
<!DOCTYPE html PUBLIC "-//W3C//DTD XHTML 1.0 Transitional//EN"
    "http://www.w3.org/TR/xhtml1/DTD/xhtml1-transitional.dtd">
<html xmlns="http://www.w3.org/1999/xhtml" xml:lang="en" lang="en">
 <head>
  <title>
</title>
<meta http-equiv="Content-Type" content="text/html;charset=utf-8" />
  <meta name='ocr-system' content='tesseract 3.04.00' />
  <meta name='ocr-capabilities' content='ocr_page ocr_carea ocr_par ocr_line ocrx_word'/>
</head>
<body>
  <div class='ocr_page' id='page_1' title='image "./commentariusperp02plauuoft_0402.png"; bbox 0 0 1742 2924; ppageno 0'>
   <div class='ocr_carea' id='block_1_1' title="bbox 178 131 1172 197">
    <p class='ocr_par' dir='ltr' id='par_1_1' title="bbox 178 131 1172 197">
     <span class='ocr_line' id='line_1_1' title="bbox 178 131 1172 197; baseline 0.001 -20"><span class='ocrx_word' id='word_1_1' title='bbox 178 131 270 183; x_wconf 79' lang='lat'><strong>398</strong></span> <span class='ocrx_word' id='word_1_2' title='bbox 686 136 1172 197; x_wconf 66' lang='lat' dir='ltr'><strong>mosrsstunue</strong></span> 
     </span>
    </p>
   </div>
   <div class='ocr_carea' id='block_1_2' title="bbox 111 242 1711 1668">
    <p class='ocr_par' dir='ltr' id='par_1_2' title="bbox 184 242 1288 304">
     <span class='ocr_line' id='line_1_2' title="bbox 184 242 1288 304; baseline -0.001 -11"><span class='ocrx_word' id='word_1_3' title='bbox 184 251 250 293; x_wconf 82' lang='lat' dir='ltr'><strong>St.</strong></span> <span class='ocrx_word' id='word_1_4' title='bbox 282 244 402 304; x_wconf 80' lang='lat' dir='ltr'><strong>Quid</strong></span> <span class='ocrx_word' id='word_1_5' title='bbox 427 256 474 287; x_wconf 85' lang='lat' dir='ltr'><strong>tu</strong></span> <span class='ocrx_word' id='word_1_6' title='bbox 503 253 549 284; x_wconf 82' lang='lat' dir='ltr'><strong>vt</strong></span> <span class='ocrx_word' id='word_1_7' title='bbox 578 242 740 287; x_wconf 79' lang='lat' dir='ltr'><strong>otiosus</strong></span> <span class='ocrx_word' id='word_1_8' title='bbox 766 259 834 286; x_wconf 81' lang='lat' dir='ltr'><strong>res</strong></span> <span class='ocrx_word' id='word_1_9' title='bbox 863 258 1002 288; x_wconf 76' lang='lat' dir='ltr'><strong>nouas</strong></span> <span class='ocrx_word' id='word_1_10' title='bbox 1028 246 1288 304; x_wconf 65' lang='lat' dir='ltr'><strong>requirit-as?</strong></span> 
     </span>
    </p>

    <p class='ocr_par' dir='ltr' id='par_1_3' title="bbox 111 312 1482 380">
     <span class='ocr_line' id='line_1_3' title="bbox 111 312 1482 380; baseline 0.004 -16"><span class='ocrx_word' id='word_1_11' title='bbox 111 354 113 356; x_wconf 67' lang='lat'>.</span> <span class='ocrx_word' id='word_1_12' title='bbox 182 329 270 373; x_wconf 70' lang='lat' dir='ltr'><strong>Tn-</strong></span> <span class='ocrx_word' id='word_1_13' title='bbox 303 321 419 380; x_wconf 79' lang='lat' dir='ltr'><strong>Quia</strong></span> <span class='ocrx_word' id='word_1_14' title='bbox 451 320 583 363; x_wconf 89' lang='lat' dir='ltr'><strong>hodie</strong></span> <span class='ocrx_word' id='word_1_15' title='bbox 608 312 765 363; x_wconf 76' lang='lat' dir='ltr'><strong>adueni</strong></span> <span class='ocrx_word' id='word_1_16' title='bbox 800 337 986 379; x_wconf 82' lang='lat' dir='ltr'><strong>peregre.</strong></span> <span class='ocrx_word' id='word_1_17' title='bbox 1053 329 1118 368; x_wconf 78' lang='lat' dir='ltr'><strong>St.</strong></span> <span class='ocrx_word' id='word_1_18' title='bbox 1149 325 1324 368; x_wconf 74' lang='lat' dir='ltr'><strong>Promisi</strong></span> <span class='ocrx_word' id='word_1_19' title='bbox 1355 325 1482 377; x_wconf 70' lang='lat' dir='ltr'><strong>foras,</strong></span> 
     </span>
    </p>

    <p class='ocr_par' dir='ltr' id='par_1_4' title="bbox 172 402 1187 445">
     <span class='ocr_line' id='line_1_4' title="bbox 172 402 1187 445; baseline 0.001 -4"><span class='ocrx_word' id='word_1_20' title='bbox 172 402 240 444; x_wconf 79' lang='lat' dir='ltr'><strong>Ad</strong></span> <span class='ocrx_word' id='word_1_21' title='bbox 272 412 452 442; x_wconf 88' lang='lat' dir='ltr'><strong>coenam</strong></span> <span class='ocrx_word' id='word_1_22' title='bbox 481 411 539 445; x_wconf 87' lang='lat' dir='ltr'><strong>ne</strong></span> <span class='ocrx_word' id='word_1_23' title='bbox 567 414 640 441; x_wconf 87' lang='lat' dir='ltr'><strong>me</strong></span> <span class='ocrx_word' id='word_1_24' title='bbox 671 410 719 440; x_wconf 75' lang='lat' dir='ltr'><strong>tu</strong></span> <span class='ocrx_word' id='word_1_25' title='bbox 751 411 792 441; x_wconf 86' lang='lat' dir='ltr'><strong>te</strong></span> <span class='ocrx_word' id='word_1_26' title='bbox 820 413 975 440; x_wconf 88' lang='lat' dir='ltr'><strong>vocare</strong></span> <span class='ocrx_word' id='word_1_27' title='bbox 1003 403 1187 442; x_wconf 83' lang='lat' dir='ltr'><strong>censeas.</strong></span> 
     </span>
    </p>

    <p class='ocr_par' dir='ltr' id='par_1_5' title="bbox 124 459 1679 687">
     <span class='ocr_line' id='line_1_5' title="bbox 184 459 1679 536; baseline 0.003 -18"><span class='ocrx_word' id='word_1_28' title='bbox 184 480 272 522; x_wconf 73' lang='grc' dir='ltr'><strong>ΤΗ.</strong></span> <span class='ocrx_word' id='word_1_29' title='bbox 295 474 426 515; x_wconf 86' lang='lat' dir='ltr'><strong>Haud</strong></span> <span class='ocrx_word' id='word_1_30' title='bbox 456 472 622 530; x_wconf 72' lang='lat' dir='ltr'><strong>postulo</strong></span> <span class='ocrx_word' id='word_1_31' title='bbox 657 476 827 531; x_wconf 82' lang='lat' dir='ltr'><strong>edepol.</strong></span> <span class='ocrx_word' id='word_1_32' title='bbox 887 479 952 518; x_wconf 78' lang='lat'><strong>81.</strong></span> <span class='ocrx_word' id='word_1_33' title='bbox 984 477 1140 518; x_wconf 81' lang='lat' dir='ltr'><strong>Verum</strong></span> <span class='ocrx_word' id='word_1_34' title='bbox 1177 459 1278 526; x_wconf 80' lang='lat' dir='ltr'><strong>cras,</strong></span> <span class='ocrx_word' id='word_1_35' title='bbox 1316 475 1393 519; x_wconf 81' lang='lat' dir='ltr'><strong>nifi</strong></span> <span class='ocrx_word' id='word_1_36' title='bbox 1422 476 1520 536; x_wconf 79' lang='lat' dir='ltr'><strong>quis</strong></span> <span class='ocrx_word' id='word_1_37' title='bbox 1556 477 1679 536; x_wconf 70' lang='lat' dir='ltr'><strong>prius</strong></span> 
     </span>
     <span class='ocr_line' id='line_1_6' title="bbox 124 548 1678 607; baseline -0.002 -12"><span class='ocrx_word' id='word_1_38' title='bbox 124 581 129 586; x_wconf 72' lang='lat'><em>‹</em></span> <span class='ocrx_word' id='word_1_39' title='bbox 171 548 405 595; x_wconf 79' lang='lat' dir='ltr'><strong>Vocauerit</strong></span> <span class='ocrx_word' id='word_1_40' title='bbox 428 564 524 597; x_wconf 85' lang='lat' dir='ltr'><strong>me,</strong></span> <span class='ocrx_word' id='word_1_41' title='bbox 565 552 635 591; x_wconf 88' lang='lat' dir='ltr'><strong>vel</strong></span> <span class='ocrx_word' id='word_1_42' title='bbox 666 551 778 607; x_wconf 85' lang='lat' dir='ltr'><strong>apud</strong></span> <span class='ocrx_word' id='word_1_43' title='bbox 808 562 850 592; x_wconf 85' lang='lat' dir='ltr'><strong>te</strong></span> <span class='ocrx_word' id='word_1_44' title='bbox 879 564 1133 593; x_wconf 78' lang='lat' dir='ltr'><strong>coenauero.</strong></span> <span class='ocrx_word' id='word_1_45' title='bbox 1631 570 1678 606; x_wconf 72' lang='grc' dir='ltr'><strong>ις</strong></span> 
     </span>
     <span class='ocr_line' id='line_1_7' title="bbox 183 624 1532 687; baseline 0 -14"><span class='ocrx_word' id='word_1_46' title='bbox 183 633 270 676; x_wconf 72' lang='grc' dir='ltr'><strong>ΤΗ.</strong></span> <span class='ocrx_word' id='word_1_47' title='bbox 299 631 368 671; x_wconf 86' lang='lat' dir='ltr'><strong>Ne</strong></span> <span class='ocrx_word' id='word_1_48' title='bbox 397 626 504 668; x_wconf 83' lang='lat' dir='ltr'><strong>istuc</strong></span> <span class='ocrx_word' id='word_1_49' title='bbox 533 624 710 683; x_wconf 81' lang='lat' dir='ltr'><strong>quidem</strong></span> <span class='ocrx_word' id='word_1_50' title='bbox 741 628 895 682; x_wconf 88' lang='lat' dir='ltr'><strong>edepol</strong></span> <span class='ocrx_word' id='word_1_51' title='bbox 932 625 1111 682; x_wconf 80' lang='lat' dir='ltr'><strong>postulo.</strong></span> <span class='ocrx_word' id='word_1_52' title='bbox 1155 624 1230 668; x_wconf 82' lang='lat' dir='ltr'><strong>nifi</strong></span> <span class='ocrx_word' id='word_1_53' title='bbox 1262 627 1367 684; x_wconf 75' lang='lat' dir='ltr'><strong>quid</strong></span> <span class='ocrx_word' id='word_1_54' title='bbox 1394 630 1532 687; x_wconf 72' lang='lat' dir='ltr'><strong>magio</strong></span> 
     </span>
    </p>

    <p class='ocr_par' dir='ltr' id='par_1_6' title="bbox 173 699 1322 762">
     <span class='ocr_line' id='line_1_8' title="bbox 173 699 1322 762; baseline -0.003 -13"><span class='ocrx_word' id='word_1_55' title='bbox 173 710 231 751; x_wconf 79' lang='lat' dir='ltr'><strong>Es</strong></span> <span class='ocrx_word' id='word_1_56' title='bbox 266 709 520 762; x_wconf 76' lang='lat' dir='ltr'><strong>obc11patus‚</strong></span> <span class='ocrx_word' id='word_1_57' title='bbox 549 717 725 758; x_wconf 79' lang='lat' dir='ltr'><strong>operam</strong></span> <span class='ocrx_word' id='word_1_58' title='bbox 751 699 861 744; x_wconf 86' lang='lat' dir='ltr'><strong>mihi</strong></span> <span class='ocrx_word' id='word_1_59' title='bbox 889 703 954 745; x_wconf 87' lang='lat' dir='ltr'><strong>da.</strong></span> <span class='ocrx_word' id='word_1_60' title='bbox 1008 706 1073 746; x_wconf 87' lang='lat' dir='ltr'><strong>St.</strong></span> <span class='ocrx_word' id='word_1_61' title='bbox 1105 705 1322 746; x_wconf 84' lang='lat' dir='ltr'>Maxume.</span> 
     </span>
    </p>

    <p class='ocr_par' dir='ltr' id='par_1_7' title="bbox 185 776 1317 847">
     <span class='ocr_line' id='line_1_9' title="bbox 185 776 1317 847; baseline 0.001 -23"><span class='ocrx_word' id='word_1_62' title='bbox 185 788 279 847; x_wconf 30' lang='grc' dir='ltr'><strong>ΤΗ.</strong></span> <span class='ocrx_word' id='word_1_63' title='bbox 304 781 447 824; x_wconf 82' lang='lat' dir='ltr'><strong>Minas</strong></span> <span class='ocrx_word' id='word_1_64' title='bbox 479 776 762 837; x_wconf 81' lang='lat' dir='ltr'><strong>quadraginta</strong></span> <span class='ocrx_word' id='word_1_65' title='bbox 790 777 1006 836; x_wconf 81' lang='lat' dir='ltr'><strong>adcepisti,</strong></span> <span class='ocrx_word' id='word_1_66' title='bbox 1032 795 1145 838; x_wconf 14' lang='lat' dir='ltr'><strong>*quas</strong></span> <span class='ocrx_word' id='word_1_67' title='bbox 1175 780 1317 826; x_wconf 75' lang='lat' dir='ltr'><strong>sciam,</strong></span> 
     </span>
    </p>

    <p class='ocr_par' dir='ltr' id='par_1_8' title="bbox 175 857 1514 914">
     <span class='ocr_line' id='line_1_10' title="bbox 175 857 1514 914; baseline 0.001 -13"><span class='ocrx_word' id='word_1_68' title='bbox 175 863 210 904; x_wconf 83' lang='lat' dir='ltr'>A</span> <span class='ocrx_word' id='word_1_69' title='bbox 235 857 543 901; x_wconf 78' lang='lat' dir='ltr'><strong>Philolachete.</strong></span> <span class='ocrx_word' id='word_1_70' title='bbox 604 859 670 898; x_wconf 83' lang='lat' dir='ltr'><strong>St.</strong></span> <span class='ocrx_word' id='word_1_71' title='bbox 699 857 950 912; x_wconf 84' lang='lat' dir='ltr'>Numquam</span> <span class='ocrx_word' id='word_1_72' title='bbox 983 872 1190 905; x_wconf 89' lang='lat' dir='ltr'><strong>numum,</strong></span> <span class='ocrx_word' id='word_1_73' title='bbox 1224 860 1343 914; x_wconf 87' lang='lat' dir='ltr'><strong>quod</strong></span> <span class='ocrx_word' id='word_1_74' title='bbox 1371 858 1514 903; x_wconf 84' lang='lat' dir='ltr'><strong>sciam.</strong></span> 
     </span>
    </p>

    <p class='ocr_par' dir='ltr' id='par_1_9' title="bbox 181 931 1711 1066">
     <span class='ocr_line' id='line_1_11' title="bbox 181 931 1711 991; baseline 0.002 -14"><span class='ocrx_word' id='word_1_75' title='bbox 181 942 271 985; x_wconf 76' lang='grc' dir='ltr'><strong>ΤΗ.</strong></span> <span class='ocrx_word' id='word_1_76' title='bbox 303 934 437 991; x_wconf 72' lang='grc' dir='ltr'><strong>Ουὶᾱ,</strong></span> <span class='ocrx_word' id='word_1_77' title='bbox 472 950 495 976; x_wconf 83' lang='lat' dir='ltr'><strong>a</strong></span> <span class='ocrx_word' id='word_1_78' title='bbox 523 931 742 976; x_wconf 86' lang='lat' dir='ltr'><strong>Tranione</strong></span> <span class='ocrx_word' id='word_1_79' title='bbox 773 933 925 976; x_wconf 72' lang='lat' dir='ltr'><strong>seruo?</strong></span> <span class='ocrx_word' id='word_1_80' title='bbox 985 936 1051 977; x_wconf 85' lang='lat' dir='ltr'><strong>St.</strong></span> <span class='ocrx_word' id='word_1_81' title='bbox 1090 936 1230 977; x_wconf 87' lang='lat' dir='ltr'><strong>Multo</strong></span> <span class='ocrx_word' id='word_1_82' title='bbox 1259 934 1307 976; x_wconf 86' lang='lat' dir='ltr'><strong>id</strong></span> <span class='ocrx_word' id='word_1_83' title='bbox 1330 934 1493 979; x_wconf 84' lang='lat' dir='ltr'><strong>minus.</strong></span> <span class='ocrx_word' id='word_1_84' title='bbox 1629 953 1679 980; x_wconf 69' lang='grc' dir='ltr'><strong>το</strong></span> <span class='ocrx_word' id='word_1_85' title='bbox 1708 965 1711 969; x_wconf 66' lang='grc'><strong>»</strong></span> 
     </span>
     <span class='ocr_line' id='line_1_12' title="bbox 181 996 1498 1066; baseline 0 -12"><span class='ocrx_word' id='word_1_86' title='bbox 181 1016 268 1059; x_wconf 73' lang='grc' dir='ltr'><strong>ΤΗ.</strong></span> <span class='ocrx_word' id='word_1_87' title='bbox 298 1013 416 1065; x_wconf 80' lang='lat' dir='ltr'><strong>Quas</strong></span> <span class='ocrx_word' id='word_1_88' title='bbox 444 1007 677 1052; x_wconf 83' lang='lat' dir='ltr'><strong>arrhaboni</strong></span> <span class='ocrx_word' id='word_1_89' title='bbox 706 996 792 1051; x_wconf 35' lang='lat' dir='ltr'><strong>*tibi</strong></span> <span class='ocrx_word' id='word_1_90' title='bbox 823 1008 975 1052; x_wconf 74' lang='lat' dir='ltr'><strong>dedit?</strong></span> <span class='ocrx_word' id='word_1_91' title='bbox 1033 1014 1098 1053; x_wconf 84' lang='lat' dir='ltr'><strong>St.</strong></span> <span class='ocrx_word' id='word_1_92' title='bbox 1132 1009 1498 1066; x_wconf 74' lang='lat' dir='ltr'><strong>Quid-somnias?</strong></span> 
     </span>
    </p>

    <p class='ocr_par' dir='ltr' id='par_1_10' title="bbox 171 1083 1506 1211">
     <span class='ocr_line' id='line_1_13' title="bbox 181 1083 1506 1147; baseline -0.002 -15"><span class='ocrx_word' id='word_1_93' title='bbox 181 1094 269 1136; x_wconf 78' lang='grc' dir='ltr'><strong>ΤΗ.</strong></span> <span class='ocrx_word' id='word_1_94' title='bbox 302 1087 501 1147; x_wconf 64' lang='lat' dir='ltr'><strong>Egone?</strong></span> <span class='ocrx_word' id='word_1_95' title='bbox 521 1097 562 1127; x_wconf 91' lang='lat' dir='ltr'><strong>at</strong></span> <span class='ocrx_word' id='word_1_96' title='bbox 593 1083 768 1143; x_wconf 89' lang='lat' dir='ltr'><strong>quidem</strong></span> <span class='ocrx_word' id='word_1_97' title='bbox 799 1097 865 1135; x_wconf 75' lang='lat' dir='ltr'><strong>tu,</strong></span> <span class='ocrx_word' id='word_1_98' title='bbox 903 1084 978 1141; x_wconf 85' lang='lat' dir='ltr'><strong>qui</strong></span> <span class='ocrx_word' id='word_1_99' title='bbox 1004 1085 1107 1128; x_wconf 86' lang='lat' dir='ltr'><strong>istoc</strong></span> <span class='ocrx_word' id='word_1_100' title='bbox 1136 1099 1177 1128; x_wconf 89' lang='lat' dir='ltr'><strong>te</strong></span> <span class='ocrx_word' id='word_1_101' title='bbox 1204 1086 1342 1143; x_wconf 75' lang='lat' dir='ltr'><strong>speras</strong></span> <span class='ocrx_word' id='word_1_102' title='bbox 1372 1087 1506 1129; x_wconf 83' lang='lat' dir='ltr'><strong>modo</strong></span> 
     </span>
     <span class='ocr_line' id='line_1_14' title="bbox 171 1162 1235 1211; baseline -0.007 0"><span class='ocrx_word' id='word_1_103' title='bbox 171 1167 336 1211; x_wconf 86' lang='lat' dir='ltr'><strong>Potesse</strong></span> <span class='ocrx_word' id='word_1_104' title='bbox 365 1162 655 1206; x_wconf 77' lang='lat' dir='ltr'><strong>disfimilando</strong></span> <span class='ocrx_word' id='word_1_105' title='bbox 691 1162 905 1205; x_wconf 78' lang='lat' dir='ltr'><strong>infectum</strong></span> <span class='ocrx_word' id='word_1_106' title='bbox 933 1163 1020 1203; x_wconf 91' lang='lat' dir='ltr'><strong>hoc</strong></span> <span class='ocrx_word' id='word_1_107' title='bbox 1044 1164 1235 1204; x_wconf 82' lang='lat' dir='ltr'><strong>reddere.</strong></span> 
     </span>
    </p>

    <p class='ocr_par' dir='ltr' id='par_1_11' title="bbox 168 1236 1678 1445">
     <span class='ocr_line' id='line_1_15' title="bbox 181 1236 1678 1298; baseline -0.005 -11"><span class='ocrx_word' id='word_1_108' title='bbox 181 1247 246 1287; x_wconf 76' lang='lat' dir='ltr'><strong>St.</strong></span> <span class='ocrx_word' id='word_1_109' title='bbox 279 1239 398 1298; x_wconf 83' lang='lat' dir='ltr'><strong>Quid</strong></span> <span class='ocrx_word' id='word_1_110' title='bbox 429 1241 608 1282; x_wconf 76' lang='lat' dir='ltr'><strong>autem?</strong></span> <span class='ocrx_word' id='word_1_111' title='bbox 675 1243 760 1284; x_wconf 74' lang='grc' dir='ltr'><strong>ΤΗ.</strong></span> <span class='ocrx_word' id='word_1_112' title='bbox 795 1240 926 1296; x_wconf 82' lang='lat' dir='ltr'><strong>Quod</strong></span> <span class='ocrx_word' id='word_1_113' title='bbox 963 1252 1032 1280; x_wconf 86' lang='lat' dir='ltr'><strong>me</strong></span> <span class='ocrx_word' id='word_1_114' title='bbox 1073 1238 1245 1279; x_wconf 79' lang='lat' dir='ltr'><strong>absente</strong></span> <span class='ocrx_word' id='word_1_115' title='bbox 1280 1250 1424 1279; x_wconf 87' lang='lat' dir='ltr'><strong>tecum</strong></span> <span class='ocrx_word' id='word_1_116' title='bbox 1453 1236 1527 1280; x_wconf 79' lang='lat' dir='ltr'><strong>hic</strong></span> <span class='ocrx_word' id='word_1_117' title='bbox 1563 1237 1678 1280; x_wconf 74' lang='lat' dir='ltr'><strong>filius</strong></span> 
     </span>
     <span class='ocr_line' id='line_1_16' title="bbox 168 1311 1676 1374; baseline -0.003 -16"><span class='ocrx_word' id='word_1_118' title='bbox 168 1315 348 1374; x_wconf 79' lang='lat' dir='ltr'><strong>Negotii</strong></span> <span class='ocrx_word' id='word_1_119' title='bbox 375 1313 509 1370; x_wconf 59' lang='lat' dir='ltr'><strong>gessit.</strong></span> <span class='ocrx_word' id='word_1_120' title='bbox 560 1319 624 1358; x_wconf 81' lang='lat' dir='ltr'><strong>St.</strong></span> <span class='ocrx_word' id='word_1_121' title='bbox 659 1317 835 1357; x_wconf 85' lang='lat' dir='ltr'><strong>Mecum</strong></span> <span class='ocrx_word' id='word_1_122' title='bbox 870 1324 917 1354; x_wconf 79' lang='lat' dir='ltr'><strong>vt</strong></span> <span class='ocrx_word' id='word_1_123' title='bbox 948 1311 1020 1353; x_wconf 87' lang='lat' dir='ltr'><strong>ille</strong></span> <span class='ocrx_word' id='word_1_124' title='bbox 1050 1312 1123 1354; x_wconf 84' lang='lat' dir='ltr'><strong>hic</strong></span> <span class='ocrx_word' id='word_1_125' title='bbox 1155 1312 1334 1368; x_wconf 78' lang='lat' dir='ltr'><strong>gesserit.</strong></span> <span class='ocrx_word' id='word_1_126' title='bbox 1627 1326 1676 1363; x_wconf 66' lang='grc' dir='ltr'><strong>ις</strong></span> 
     </span>
     <span class='ocr_line' id='line_1_17' title="bbox 169 1370 1457 1445; baseline -0.006 -9"><span class='ocrx_word' id='word_1_127' title='bbox 169 1397 286 1436; x_wconf 89' lang='lat' dir='ltr'><strong>Dum</strong></span> <span class='ocrx_word' id='word_1_128' title='bbox 320 1402 365 1432; x_wconf 88' lang='lat' dir='ltr'><strong>tu</strong></span> <span class='ocrx_word' id='word_1_129' title='bbox 395 1387 468 1429; x_wconf 85' lang='lat' dir='ltr'><strong>hic</strong></span> <span class='ocrx_word' id='word_1_130' title='bbox 494 1383 614 1438; x_wconf 80' lang='lat' dir='ltr'><strong>abes,&#39;</strong></span> <span class='ocrx_word' id='word_1_131' title='bbox 637 1387 835 1445; x_wconf 73' lang='lat' dir='ltr'><strong>negotii?</strong></span> <span class='ocrx_word' id='word_1_132' title='bbox 866 1386 1108 1444; x_wconf 72' lang='lat' dir='ltr'><strong>quidnam?</strong></span> <span class='ocrx_word' id='word_1_133' title='bbox 1142 1399 1215 1430; x_wconf 87' lang='lat' dir='ltr'><strong>aut</strong></span> <span class='ocrx_word' id='word_1_134' title='bbox 1244 1402 1328 1445; x_wconf 91' lang='lat' dir='ltr'><strong>quo</strong></span> <span class='ocrx_word' id='word_1_135' title='bbox 1357 1370 1457 1428; x_wconf 74' lang='lat' dir='ltr'><strong>die?</strong></span> 
     </span>
    </p>

    <p class='ocr_par' dir='ltr' id='par_1_12' title="bbox 178 1461 1180 1521">
     <span class='ocr_line' id='line_1_18' title="bbox 178 1461 1180 1521; baseline -0.004 -12"><span class='ocrx_word' id='word_1_136' title='bbox 178 1475 262 1518; x_wconf 66' lang='lat' dir='ltr'><strong>Ta.</strong></span> <span class='ocrx_word' id='word_1_137' title='bbox 293 1465 436 1509; x_wconf 83' lang='lat' dir='ltr'><strong>Minas</strong></span> <span class='ocrx_word' id='word_1_138' title='bbox 469 1462 549 1506; x_wconf 87' lang='lat' dir='ltr'><strong>tibi</strong></span> <span class='ocrx_word' id='word_1_139' title='bbox 584 1461 804 1521; x_wconf 84' lang='lat' dir='ltr'><strong>octoginta</strong></span> <span class='ocrx_word' id='word_1_140' title='bbox 834 1461 996 1519; x_wconf 79' lang='lat' dir='ltr'><strong>argenti</strong></span> <span class='ocrx_word' id='word_1_141' title='bbox 1030 1464 1180 1505; x_wconf 89' lang='lat' dir='ltr'><strong>debeo.</strong></span> 
     </span>
    </p>

    <p class='ocr_par' dir='ltr' id='par_1_13' title="bbox 174 1538 1498 1597">
     <span class='ocr_line' id='line_1_19' title="bbox 174 1538 1498 1597; baseline -0.005 -4"><span class='ocrx_word' id='word_1_142' title='bbox 174 1553 240 1593; x_wconf 81' lang='lat'><strong>51.</strong></span> <span class='ocrx_word' id='word_1_143' title='bbox 271 1548 372 1589; x_wconf 87' lang='lat' dir='ltr'><strong>Non</strong></span> <span class='ocrx_word' id='word_1_144' title='bbox 402 1540 512 1582; x_wconf 88' lang='lat' dir='ltr'><strong>mihi</strong></span> <span class='ocrx_word' id='word_1_145' title='bbox 541 1538 716 1597; x_wconf 89' lang='lat' dir='ltr'><strong>quidem</strong></span> <span class='ocrx_word' id='word_1_146' title='bbox 747 1540 905 1579; x_wconf 88' lang='lat' dir='ltr'><strong>hercle.</strong></span> <span class='ocrx_word' id='word_1_147' title='bbox 942 1552 1106 1586; x_wconf 85' lang='lat' dir='ltr'><strong>verum,</strong></span> <span class='ocrx_word' id='word_1_148' title='bbox 1141 1541 1167 1579; x_wconf 86' lang='lat' dir='ltr'><strong>fi</strong></span> <span class='ocrx_word' id='word_1_149' title='bbox 1198 1542 1344 1591; x_wconf 80' lang='lat' dir='ltr'><strong>debes,</strong></span> <span class='ocrx_word' id='word_1_150' title='bbox 1378 1545 1498 1586; x_wconf 85' lang='lat' dir='ltr'><strong>cedo.</strong></span> 
     </span>
    </p>

    <p class='ocr_par' dir='ltr' id='par_1_14' title="bbox 167 1610 1246 1668">
     <span class='ocr_line' id='line_1_20' title="bbox 167 1610 1246 1668; baseline -0.011 -1"><span class='ocrx_word' id='word_1_151' title='bbox 167 1624 295 1668; x_wconf 80' lang='lat' dir='ltr'><strong>Fides</strong></span> <span class='ocrx_word' id='word_1_152' title='bbox 327 1618 531 1661; x_wconf 83' lang='lat' dir='ltr'><strong>seruanda</strong></span> <span class='ocrx_word' id='word_1_153' title='bbox 565 1616 643 1664; x_wconf 86' lang='lat' dir='ltr'><strong>est,</strong></span> <span class='ocrx_word' id='word_1_154' title='bbox 684 1631 740 1657; x_wconf 86' lang='lat' dir='ltr'><strong>ne</strong></span> <span class='ocrx_word' id='word_1_155' title='bbox 769 1613 832 1656; x_wconf 86' lang='lat' dir='ltr'><strong>ire</strong></span> <span class='ocrx_word' id='word_1_156' title='bbox 860 1610 1019 1654; x_wconf 82' lang='lat' dir='ltr'><strong>infitias</strong></span> <span class='ocrx_word' id='word_1_157' title='bbox 1048 1613 1246 1667; x_wconf 77' lang='lat' dir='ltr'>postules.</span> 
     </span>
    </p>
   </div>
   <div class='ocr_carea' id='block_1_3' title="bbox 174 1689 1675 1748">
    <p class='ocr_par' dir='ltr' id='par_1_15' title="bbox 174 1689 1742 1748">
     <span class='ocr_line' id='line_1_21' title="bbox 174 1689 1675 1748; baseline -0.013 -4"><span class='ocrx_word' id='word_1_158' title='bbox 174 1706 261 1748; x_wconf 78' lang='grc' dir='ltr'><strong>ΤΗ.</strong></span> <span class='ocrx_word' id='word_1_159' title='bbox 293 1696 493 1741; x_wconf 79' lang='lat' dir='ltr'><strong>Profecto</strong></span> <span class='ocrx_word' id='word_1_160' title='bbox 525 1708 613 1734; x_wconf 90' lang='lat' dir='ltr'><strong>non</strong></span> <span class='ocrx_word' id='word_1_161' title='bbox 642 1693 807 1747; x_wconf 80' lang='lat' dir='ltr'><strong>negabo</strong></span> <span class='ocrx_word' id='word_1_162' title='bbox 840 1690 1018 1735; x_wconf 89' lang='lat' dir='ltr'><strong>debere,</strong></span> <span class='ocrx_word' id='word_1_163' title='bbox 1049 1698 1092 1728; x_wconf 84' lang='lat' dir='ltr'><strong>et</strong></span> <span class='ocrx_word' id='word_1_164' title='bbox 1119 1689 1245 1730; x_wconf 83' lang='lat' dir='ltr'><strong>dabo.</strong></span> <span class='ocrx_word' id='word_1_165' title='bbox 1622 1710 1675 1747; x_wconf 68' lang='lat'><strong>30</strong></span> 
     </span>
    </p>
   </div>
   <div class='ocr_carea' id='block_1_4' title="bbox 163 1763 1562 1971">
    <p class='ocr_par' dir='ltr' id='par_1_16' title="bbox 163 1763 1562 1971">
     <span class='ocr_line' id='line_1_22' title="bbox 165 1763 1301 1828; baseline -0.02 -6"><span class='ocrx_word' id='word_1_166' title='bbox 165 1782 237 1820; x_wconf 85' lang='lat' dir='ltr'><strong>Tu</strong></span> <span class='ocrx_word' id='word_1_167' title='bbox 264 1786 370 1819; x_wconf 83' lang='lat' dir='ltr'><strong>caue</strong></span> <span class='ocrx_word' id='word_1_168' title='bbox 396 1766 677 1828; x_wconf 83' lang='lat' dir='ltr'><strong>quadraginta</strong></span> <span class='ocrx_word' id='word_1_169' title='bbox 703 1763 910 1820; x_wconf 83' lang='lat' dir='ltr'><strong>adcepiffe</strong></span> <span class='ocrx_word' id='word_1_170' title='bbox 938 1764 1045 1807; x_wconf 86' lang='lat' dir='ltr'><strong>hinc</strong></span> <span class='ocrx_word' id='word_1_171' title='bbox 1071 1779 1127 1806; x_wconf 89' lang='lat' dir='ltr'><strong>ne</strong></span> <span class='ocrx_word' id='word_1_172' title='bbox 1157 1779 1301 1822; x_wconf 77' lang='lat' dir='ltr'><strong>neges,</strong></span> 
     </span>
     <span class='ocr_line' id='line_1_23' title="bbox 173 1840 1562 1906; baseline -0.015 -9"><span class='ocrx_word' id='word_1_173' title='bbox 173 1857 239 1897; x_wconf 80' lang='lat' dir='ltr'><strong>St.</strong></span> <span class='ocrx_word' id='word_1_174' title='bbox 277 1846 444 1906; x_wconf 82' lang='lat' dir='ltr'><strong>Quaeso</strong></span> <span class='ocrx_word' id='word_1_175' title='bbox 471 1843 629 1901; x_wconf 62' lang='lat' dir='ltr'><strong>&gt;edepol</strong></span> <span class='ocrx_word' id='word_1_176' title='bbox 658 1843 746 1883; x_wconf 85' lang='lat' dir='ltr'><strong>huc</strong></span> <span class='ocrx_word' id='word_1_177' title='bbox 774 1855 845 1882; x_wconf 92' lang='lat' dir='ltr'><strong>me</strong></span> <span class='ocrx_word' id='word_1_178' title='bbox 872 1841 1083 1898; x_wconf 80' lang='lat' dir='ltr'><strong>adspecta,</strong></span> <span class='ocrx_word' id='word_1_179' title='bbox 1123 1851 1166 1882; x_wconf 80' lang='lat' dir='ltr'><strong>et</strong></span> <span class='ocrx_word' id='word_1_180' title='bbox 1194 1840 1404 1897; x_wconf 85' lang='lat' dir='ltr'><strong>responde</strong></span> <span class='ocrx_word' id='word_1_181' title='bbox 1437 1840 1562 1885; x_wconf 80' lang='lat' dir='ltr'><strong>mihi,</strong></span> 
     </span>
     <span class='ocr_line' id='line_1_24' title="bbox 163 1917 1127 1971; baseline -0.016 0"><span class='ocrx_word' id='word_1_182' title='bbox 163 1932 230 1971; x_wconf 86' lang='lat' dir='ltr'><strong>Te</strong></span> <span class='ocrx_word' id='word_1_183' title='bbox 255 1926 366 1967; x_wconf 78' lang='lat' dir='ltr'><strong>velle</strong></span> <span class='ocrx_word' id='word_1_184' title='bbox 395 1933 575 1961; x_wconf 87' lang='lat' dir='ltr'><strong>vxorem</strong></span> <span class='ocrx_word' id='word_1_185' title='bbox 604 1917 745 1959; x_wconf 86' lang='lat' dir='ltr'><strong>aiebat</strong></span> <span class='ocrx_word' id='word_1_186' title='bbox 771 1928 847 1963; x_wconf 78' lang='lat' dir='ltr'><strong>tuo</strong></span> <span class='ocrx_word' id='word_1_187' title='bbox 879 1929 981 1959; x_wconf 88' lang='lat' dir='ltr'><strong>nato</strong></span> <span class='ocrx_word' id='word_1_188' title='bbox 1013 1918 1127 1964; x_wconf 84' lang='lat' dir='ltr'><strong>dare,</strong></span> 
     </span>
    </p>
   </div>
   <div class='ocr_carea' id='block_1_5' title="bbox 87 1991 1160 2048">
    <p class='ocr_par' dir='ltr' id='par_1_17' title="bbox 87 1991 1160 2048">
     <span class='ocr_line' id='line_1_25' title="bbox 87 1991 1160 2048; baseline -0.017 1"><span class='ocrx_word' id='word_1_189' title='bbox 87 2020 90 2023; x_wconf 57' lang='lat'><em>⁴</em></span> <span class='ocrx_word' id='word_1_190' title='bbox 163 2007 265 2048; x_wconf 85' lang='lat' dir='ltr'><strong>Ideo</strong></span> <span class='ocrx_word' id='word_1_191' title='bbox 292 1999 516 2043; x_wconf 84' lang='lat' dir='ltr'><strong>aedificare</strong></span> <span class='ocrx_word' id='word_1_192' title='bbox 544 1997 628 2038; x_wconf 89' lang='lat' dir='ltr'><strong>hoc</strong></span> <span class='ocrx_word' id='word_1_193' title='bbox 661 1996 772 2035; x_wconf 84' lang='lat' dir='ltr'><strong>velle</strong></span> <span class='ocrx_word' id='word_1_194' title='bbox 810 1992 950 2034; x_wconf 84' lang='lat' dir='ltr'><strong>aiebat</strong></span> <span class='ocrx_word' id='word_1_195' title='bbox 981 1991 1028 2032; x_wconf 88' lang='lat' dir='ltr'><strong>in</strong></span> <span class='ocrx_word' id='word_1_196' title='bbox 1059 1994 1160 2033; x_wconf 82' lang='lat' dir='ltr'><strong>tuis.</strong></span> 
     </span>
    </p>
   </div>
   <div class='ocr_carea' id='block_1_6' title="bbox 162 2064 1667 2654">
    <p class='ocr_par' dir='ltr' id='par_1_18' title="bbox 172 2064 1667 2203">
     <span class='ocr_line' id='line_1_26' title="bbox 173 2064 1667 2128; baseline -0.013 -5"><span class='ocrx_word' id='word_1_197' title='bbox 173 2083 257 2126; x_wconf 74' lang='grc' dir='ltr'><strong>ΤΗ.</strong></span> <span class='ocrx_word' id='word_1_198' title='bbox 287 2075 372 2118; x_wconf 86' lang='lat' dir='ltr'><strong>Hic</strong></span> <span class='ocrx_word' id='word_1_199' title='bbox 398 2071 621 2115; x_wconf 80' lang='lat' dir='ltr'><strong>aedificare</strong></span> <span class='ocrx_word' id='word_1_200' title='bbox 652 2070 808 2114; x_wconf 75' lang='lat' dir='ltr'><strong>volui?</strong></span> <span class='ocrx_word' id='word_1_201' title='bbox 861 2073 927 2114; x_wconf 77' lang='lat'><strong>81.</strong></span> <span class='ocrx_word' id='word_1_202' title='bbox 961 2066 1031 2109; x_wconf 88' lang='lat' dir='ltr'><strong>Sic</strong></span> <span class='ocrx_word' id='word_1_203' title='bbox 1064 2064 1174 2108; x_wconf 84' lang='lat' dir='ltr'><strong>dixit</strong></span> <span class='ocrx_word' id='word_1_204' title='bbox 1203 2065 1327 2110; x_wconf 80' lang='lat' dir='ltr'><strong>mihi.</strong></span> <span class='ocrx_word' id='word_1_205' title='bbox 1617 2090 1667 2128; x_wconf 76' lang='lat'><strong>35</strong></span> 
     </span>
     <span class='ocr_line' id='line_1_27' title="bbox 172 2142 1349 2203; baseline -0.011 -6"><span class='ocrx_word' id='word_1_206' title='bbox 172 2158 259 2201; x_wconf 76' lang='grc' dir='ltr'><strong>ΤΗ.</strong></span> <span class='ocrx_word' id='word_1_207' title='bbox 291 2149 373 2194; x_wconf 88' lang='lat' dir='ltr'><strong>Hei</strong></span> <span class='ocrx_word' id='word_1_208' title='bbox 403 2145 535 2194; x_wconf 85' lang='lat' dir='ltr'><strong>mihi,</strong></span> <span class='ocrx_word' id='word_1_209' title='bbox 566 2145 766 2203; x_wconf 84' lang='lat' dir='ltr'><strong>disperii!</strong></span> <span class='ocrx_word' id='word_1_210' title='bbox 800 2144 921 2187; x_wconf 78' lang='lat' dir='ltr'><strong>vocis</strong></span> <span class='ocrx_word' id='word_1_211' title='bbox 953 2157 1043 2183; x_wconf 89' lang='lat' dir='ltr'><strong>non</strong></span> <span class='ocrx_word' id='word_1_212' title='bbox 1070 2143 1210 2184; x_wconf 81' lang='lat' dir='ltr'><strong>habeo</strong></span> <span class='ocrx_word' id='word_1_213' title='bbox 1238 2142 1349 2186; x_wconf 80' lang='lat' dir='ltr'><strong>satis.</strong></span> 
     </span>
    </p>

    <p class='ocr_par' dir='ltr' id='par_1_19' title="bbox 162 2216 1272 2277">
     <span class='ocr_line' id='line_1_28' title="bbox 162 2216 1272 2277; baseline -0.012 -5"><span class='ocrx_word' id='word_1_214' title='bbox 162 2227 332 2275; x_wconf 86' lang='lat' dir='ltr'><strong>Vicini,</strong></span> <span class='ocrx_word' id='word_1_215' title='bbox 363 2221 535 2268; x_wconf 80' lang='lat' dir='ltr'><strong>interii,</strong></span> <span class='ocrx_word' id='word_1_216' title='bbox 569 2219 699 2277; x_wconf 84' lang='lat' dir='ltr'><strong>perii!</strong></span> <span class='ocrx_word' id='word_1_217' title='bbox 761 2223 841 2262; x_wconf 41' lang='lat' dir='ltr'><strong>Sta</strong></span> <span class='ocrx_word' id='word_1_218' title='bbox 853 2216 1081 2275; x_wconf 85' lang='lat' dir='ltr'><strong>Numquid</strong></span> <span class='ocrx_word' id='word_1_219' title='bbox 1111 2216 1272 2259; x_wconf 85' lang='lat' dir='ltr'><strong>Tranio</strong></span> 
     </span>
    </p>

    <p class='ocr_par' dir='ltr' id='par_1_20' title="bbox 163 2291 1197 2347">
     <span class='ocr_line' id='line_1_29' title="bbox 163 2291 1197 2347; baseline -0.014 -1"><span class='ocrx_word' id='word_1_220' title='bbox 163 2299 412 2347; x_wconf 70' lang='lat' dir='ltr'><strong>Turbauit?</strong></span> <span class='ocrx_word' id='word_1_221' title='bbox 479 2298 563 2340; x_wconf 64' lang='lat' dir='ltr'><strong>Tu.</strong></span> <span class='ocrx_word' id='word_1_222' title='bbox 594 2299 734 2338; x_wconf 89' lang='lat' dir='ltr'><strong>Immo</strong></span> <span class='ocrx_word' id='word_1_223' title='bbox 766 2292 1009 2336; x_wconf 82' lang='lat' dir='ltr'><strong>exturbauit</strong></span> <span class='ocrx_word' id='word_1_224' title='bbox 1038 2291 1197 2334; x_wconf 82' lang='lat' dir='ltr'><strong>omnia.</strong></span> 
     </span>
    </p>

    <p class='ocr_par' dir='ltr' id='par_1_21' title="bbox 163 2366 1341 2426">
     <span class='ocr_line' id='line_1_30' title="bbox 163 2366 1341 2426; baseline -0.009 -6"><span class='ocrx_word' id='word_1_225' title='bbox 163 2381 228 2420; x_wconf 90' lang='lat' dir='ltr'><strong>Te</strong></span> <span class='ocrx_word' id='word_1_226' title='bbox 257 2374 504 2418; x_wconf 83' lang='lat' dir='ltr'><strong>ludificatus</strong></span> <span class='ocrx_word' id='word_1_227' title='bbox 532 2370 588 2411; x_wconf 85' lang='lat' dir='ltr'><strong>est</strong></span> <span class='ocrx_word' id='word_1_228' title='bbox 620 2382 663 2412; x_wconf 86' lang='lat' dir='ltr'><strong>et</strong></span> <span class='ocrx_word' id='word_1_229' title='bbox 692 2384 763 2411; x_wconf 89' lang='lat' dir='ltr'><strong>me</strong></span> <span class='ocrx_word' id='word_1_230' title='bbox 801 2369 932 2412; x_wconf 86' lang='lat' dir='ltr'><strong>hodie</strong></span> <span class='ocrx_word' id='word_1_231' title='bbox 962 2367 1153 2426; x_wconf 85' lang='lat' dir='ltr'><strong>indignis</strong></span> <span class='ocrx_word' id='word_1_232' title='bbox 1184 2366 1341 2410; x_wconf 72' lang='lat' dir='ltr'><strong>modin.</strong></span> 
     </span>
    </p>

    <p class='ocr_par' dir='ltr' id='par_1_22' title="bbox 163 2442 1666 2578">
     <span class='ocr_line' id='line_1_31' title="bbox 171 2442 1666 2506; baseline -0.005 -10"><span class='ocrx_word' id='word_1_233' title='bbox 171 2456 238 2496; x_wconf 76' lang='grc' dir='ltr'><strong>δι.</strong></span> <span class='ocrx_word' id='word_1_234' title='bbox 267 2449 389 2506; x_wconf 82' lang='lat' dir='ltr'><strong>Quid</strong></span> <span class='ocrx_word' id='word_1_235' title='bbox 418 2459 464 2488; x_wconf 72' lang='lat' dir='ltr'><strong>tu</strong></span> <span class='ocrx_word' id='word_1_236' title='bbox 492 2444 585 2488; x_wconf 74' lang='lat' dir='ltr'><strong>ais?</strong></span> <span class='ocrx_word' id='word_1_237' title='bbox 652 2449 736 2489; x_wconf 68' lang='lat' dir='ltr'><strong>Tu.</strong></span> <span class='ocrx_word' id='word_1_238' title='bbox 771 2448 890 2488; x_wconf 84' lang='lat' dir='ltr'><strong>Haec</strong></span> <span class='ocrx_word' id='word_1_239' title='bbox 916 2461 981 2489; x_wconf 76' lang='lat' dir='ltr'><strong>ree</strong></span> <span class='ocrx_word' id='word_1_240' title='bbox 1013 2449 1066 2487; x_wconf 83' lang='lat' dir='ltr'><strong>fic</strong></span> <span class='ocrx_word' id='word_1_241' title='bbox 1096 2447 1166 2494; x_wconf 89' lang='lat' dir='ltr'><strong>est,</strong></span> <span class='ocrx_word' id='word_1_242' title='bbox 1197 2458 1245 2487; x_wconf 88' lang='lat' dir='ltr'><strong>vt</strong></span> <span class='ocrx_word' id='word_1_243' title='bbox 1275 2456 1402 2484; x_wconf 85' lang='lat' dir='ltr'><strong>narro</strong></span> <span class='ocrx_word' id='word_1_244' title='bbox 1433 2442 1528 2486; x_wconf 80' lang='lat' dir='ltr'><strong>tibi.</strong></span> <span class='ocrx_word' id='word_1_245' title='bbox 1614 2461 1666 2500; x_wconf 66' lang='grc' dir='ltr'><strong>4ο</strong></span> 
     </span>
     <span class='ocr_line' id='line_1_32' title="bbox 163 2511 1470 2578; baseline -0.005 -10"><span class='ocrx_word' id='word_1_246' title='bbox 163 2531 229 2568; x_wconf 87' lang='lat' dir='ltr'><strong>Te</strong></span> <span class='ocrx_word' id='word_1_247' title='bbox 256 2524 571 2566; x_wconf 80' lang='lat' dir='ltr'><strong>ludificatus.et</strong></span> <span class='ocrx_word' id='word_1_248' title='bbox 602 2537 674 2563; x_wconf 87' lang='lat' dir='ltr'><strong>me</strong></span> <span class='ocrx_word' id='word_1_249' title='bbox 700 2523 832 2566; x_wconf 85' lang='lat' dir='ltr'><strong>hodie</strong></span> <span class='ocrx_word' id='word_1_250' title='bbox 861 2521 908 2564; x_wconf 83' lang='lat' dir='ltr'><strong>in</strong></span> <span class='ocrx_word' id='word_1_251' title='bbox 939 2511 1195 2578; x_wconf 78' lang='lat' dir='ltr'><strong>perpetuum</strong></span> <span class='ocrx_word' id='word_1_252' title='bbox 1228 2522 1425 2562; x_wconf 79' lang='lat' dir='ltr'><strong>modum.</strong></span> <span class='ocrx_word' id='word_1_253' title='bbox 1463 2547 1470 2555; x_wconf 82' lang='lat'><strong>·</strong></span> 
     </span>
    </p>

    <p class='ocr_par' dir='ltr' id='par_1_23' title="bbox 163 2596 1473 2654">
     <span class='ocr_line' id='line_1_33' title="bbox 163 2596 1473 2654; baseline -0.005 -10"><span class='ocrx_word' id='word_1_254' title='bbox 163 2604 293 2644; x_wconf 86' lang='lat' dir='ltr'><strong>Nunc</strong></span> <span class='ocrx_word' id='word_1_255' title='bbox 323 2612 364 2641; x_wconf 91' lang='lat' dir='ltr'><strong>te</strong></span> <span class='ocrx_word' id='word_1_256' title='bbox 395 2596 583 2644; x_wconf 89' lang='lat' dir='ltr'><strong>obsecro,</strong></span> <span class='ocrx_word' id='word_1_257' title='bbox 622 2609 667 2638; x_wconf 79' lang='lat' dir='ltr'><strong>vt</strong></span> <span class='ocrx_word' id='word_1_258' title='bbox 698 2614 768 2639; x_wconf 88' lang='lat' dir='ltr'><strong>me</strong></span> <span class='ocrx_word' id='word_1_259' title='bbox 798 2601 908 2639; x_wconf 88' lang='lat' dir='ltr'><strong>bene</strong></span> <span class='ocrx_word' id='word_1_260' title='bbox 939 2596 1064 2640; x_wconf 82' lang='lat' dir='ltr'><strong>iuues</strong></span> <span class='ocrx_word' id='word_1_261' title='bbox 1095 2613 1353 2654; x_wconf 82' lang='lat' dir='ltr'><strong>operamque</strong></span> <span class='ocrx_word' id='word_1_262' title='bbox 1386 2597 1473 2638; x_wconf 79' lang='lat' dir='ltr'><strong>des.</strong></span> 
     </span>
    </p>
   </div>
   <div class='ocr_carea' id='block_1_7' title="bbox 172 2670 1525 2734">
    <p class='ocr_par' dir='ltr' id='par_1_24' title="bbox 172 2670 1525 2734">
     <span class='ocr_line' id='line_1_34' title="bbox 172 2670 1525 2734; baseline -0.002 -15"><span class='ocrx_word' id='word_1_263' title='bbox 172 2680 236 2719; x_wconf 80' lang='lat' dir='ltr'><strong>St.</strong></span> <span class='ocrx_word' id='word_1_264' title='bbox 271 2673 393 2734; x_wconf 82' lang='lat' dir='ltr'><strong>Quid</strong></span> <span class='ocrx_word' id='word_1_265' title='bbox 421 2670 520 2716; x_wconf 70' lang='lat' dir='ltr'><strong>vis?</strong></span> <span class='ocrx_word' id='word_1_266' title='bbox 586 2675 673 2718; x_wconf 72' lang='lat' dir='ltr'><strong>Tu.</strong></span> <span class='ocrx_word' id='word_1_267' title='bbox 702 2677 720 2716; x_wconf 94' lang='lat'>1</span> <span class='ocrx_word' id='word_1_268' title='bbox 747 2685 936 2724; x_wconf 81' lang='lat' dir='ltr'><strong>mecum.</strong></span> <span class='ocrx_word' id='word_1_269' title='bbox 968 2673 1158 2722; x_wconf 77' lang='lat' dir='ltr'><strong>obsecro.</strong></span> <span class='ocrx_word' id='word_1_270' title='bbox 1193 2688 1279 2717; x_wconf 79' lang='lat' dir='ltr'><strong>vna</strong></span> <span class='ocrx_word' id='word_1_271' title='bbox 1307 2671 1445 2721; x_wconf 59' lang='lat' dir='ltr'><strong>stmul-</strong></span> <span class='ocrx_word' id='word_1_272' title='bbox 1523 2697 1525 2700; x_wconf 58' lang='lat'>&lt;</span> 
     </span>
    </p>
   </div>
   <div class='ocr_carea' id='block_1_8' title="bbox 1707 1748 1742 2924">
    <p class='ocr_par' dir='ltr' id='par_1_25' title="bbox 1707 1748 1742 2924">
     <span class='ocr_line' id='line_1_35' title="bbox 1707 1748 1742 2924; baseline 0 0"><span class='ocrx_word' id='word_1_273' title='bbox 1707 1748 1742 2924; x_wconf 95' lang='lat' dir='ltr'><strong> </strong></span> 
     </span>
    </p>
   </div>
  </div>
 </body>
</html>
