1742 2924
188 159 284 214 446
524 157 525 160 ’
607 198 610 204 .
671 153 1221 216 ΜεΝΑεόΗΜοῑινΜ·

182 281 280 323 ΜΕ.
303 281 385 322 Pro
405 281 482 321 Dii
507 282 776 331 inmortales,
794 285 899 340 quid
923 299 1000 341 ego
1020 286 1184 329 video?
1224 290 1288 331 M.
1310 290 1376 331 So.
1402 290 1522 346 Quid
1539 290 1696 364 vides?

787 363 879 401 ME.
924 361 1160 416 Speculum
1194 372 1335 406 tuum.
1611 388 1613 390 ·

182 432 247 473 M.
265 431 331 472 So.
359 432 479 487 Quid
500 434 666 488 negotii
686 433 773 475 est?
826 435 920 476 ME.
943 438 1039 478 Tua
1065 437 1121 478 est
1144 440 1325 495 imago:
1345 450 1434 481 tam
1457 442 1692 485 confimiiis

785 510 842 550 est
872 525 1003 566 quam
1032 513 1179 567 potest.

180 583 248 625 M.
266 583 331 622 So.
361 583 441 624 Pol
471 583 668 638 profecto
698 585 815 627 haud
844 586 902 626 est
934 587 1160 635 dissimilis,
1186 603 1330 630 meam
1351 603 1487 645 quum
1507 587 1692 631 formam

782 661 963 703 noscito.
1667 679 1687 716 ς

181 739 247 781 M.
270 738 342 779 δν.
376 735 686 796 (Μςθῖειιίοηί)
718 737 755 777 Ο
786 737 1046 785 adolescens,
1079 739 1207 787 salue,
1236 741 1313 794 qui
1347 753 1418 779 me
1456 739 1689 788 semanim,

785 815 984 869 quisquis
1013 829 1071 855 es.

179 891 285 932 ME..
317 887 576 929 Adolescens
615 887 769 945 quaeso
814 890 956 930 hercle
993 883 1172 946 loquere
1207 902 1334 933 tuum
1363 894 1480 932 mihi
1513 906 1692 943 nomen,

783 966 832 1003 ni
866 966 997 1020 piget.

176 1038 245 1081 M.
279 1039 351 1080 SV.
403 1039 504 1080 Non
551 1038 706 1094 edepol
765 1040 823 1080 ita
877 1040 1148 1095 promeruisti
1198 1040 1252 1080 de
1306 1054 1401 1090 me,
1454 1052 1504 1083 vt
1546 1043 1689 1099 pigeat

781 1129 891 1170 quae
926 1117 1048 1156 velis.

174 1189 295 1229 Mihi
325 1189 382 1229 est
410 1190 723 1231 Menaechmus
751 1205 927 1231 nomen.
981 1193 1044 1232 M.
1066 1192 1132 1231 So.
1163 1191 1301 1230 Immo
1327 1191 1482 1247 edepol
1504 1192 1631 1233 mihi.

175 1267 242 1308 M.
259 1267 331 1307 SV.
360 1266 533 1307 Siculus
566 1266 660 1306 sum
684 1266 990 1318 Syracusanus.
1036 1268 1100 1307 M.
1119 1267 1185 1306 So.
1205 1266 1279 1305 Ea
1306 1265 1460 1308 domus
1493 1278 1537 1309 et
1555 1246 1691 1323 patria

779 1342 835 1381 est
866 1343 993 1381 mihi.
1635 1343 1684 1384 io

174 1419 240 1461 M.
258 1419 330 1460 SV.
360 1419 482 1474 Quid
503 1433 582 1476 ego
605 1433 656 1459 ex
679 1430 718 1460 te
740 1417 902 1458 audio?
946 1418 1008 1457 M.
1025 1416 1092 1455 So.
1125 1415 1222 1454 Hoc
1245 1415 1361 1471 quod
1382 1429 1447 1455 res
1476 1415 1544 1456 est.
1589 1419 1685 1459 ME.

696 1532 700 1538 ,
777 1493 895 1533 Noui
922 1491 1126 1546 equidem
1155 1492 1287 1537 hunc,
1311 1492 1438 1532 herus
1469 1492 1527 1531 est
1544 1504 1684 1533 meus.

172 1565 269 1624 Ego
298 1569 476 1625 quidem
501 1570 634 1610 huius
657 1568 803 1610 seruos
831 1567 938 1613 sum,
972 1565 1044 1606 sed
1073 1579 1144 1604 me
1174 1566 1254 1606 effe
1287 1567 1419 1607 huius
1449 1565 1629 1610 credidi.

171 1645 269 1700 Ego
299 1646 419 1685 hunc
445 1643 674 1685 censebam
699 1643 778 1683 effe
801 1655 858 1689 te,
887 1645 993 1683 huic
1026 1643 1155 1681 etiam
1184 1642 1364 1682 exhibui
1387 1644 1629 1698 negotium.

173 1719 346 1775 Quaeso
377 1719 585 1776 ignoscas,
617 1722 644 1759 fi
674 1719 780 1773 quid
812 1718 932 1757 stulte
960 1718 1050 1759 dixi
1084 1728 1211 1772 atque
1241 1717 1480 1771 inprudens
1515 1719 1611 1760 tibi.

171 1800 237 1840 M.
254 1800 320 1839 So.
348 1799 541 1838 Delirare
571 1798 684 1836 mihi
709 1796 871 1841 videre,
899 1782 990 1834 non
1016 1792 1349 1833 commeministi
1382 1793 1517 1839 simul,
1634 1807 1681 1845 ις

170 1873 237 1914 Te
279 1873 412 1914 hodie
451 1887 627 1914 mecum
680 1873 795 1940 exire
836 1883 859 1909 e
895 1869 1032 1910 naui?
1080 1871 1184 1924 *ML
1219 1869 1458 1908 Enimuero
1498 1882 1685 1925 aequom

773 1944 971 1999 postulas.

99 2034 102 2037 ’
156 2022 243 2077 ΔΤιι
269 2023 401 2063 herus
429 2036 498 2063 es:
540 2031 587 2063 tu
621 2022 789 2063 seruom
820 2033 998 2076 quaere:
1038 2018 1195 2060 salueto
1225 2028 1295 2060 tu:
1339 2030 1387 2061 tu
1420 2023 1530 2062 vale.

171 2098 307 2140 Hunc
336 2111 415 2153 ego
437 2097 517 2137 else
543 2099 611 2138 aio
634 2097 986 2137 Menaechmum.
1030 2098 1094 2136 M.
1111 2098 1182 2135 SV.
1211 2097 1264 2136 At
1293 2108 1372 2150 ego
1397 2109 1482 2137 me.
1529 2097 1595 2139 M.
1611 2096 1677 2138 So.
1733 2066 1742 2089 ᾳ

604 2155 609 2157 μ
774 2172 897 2227 Quae
926 2172 1034 2210 haec
1066 2169 1209 2210 fabula
1241 2168 1328 2210 est?
1727 2162 1731 2163 ⁷

167 2253 243 2294 Tu
276 2267 321 2295 es
349 2250 697 2294 Menaechmus?
745 2251 808 2292 M.
827 2251 898 2288 SV.
929 2230 1002 2286 Me
1028 2245 1109 2286 effe
1143 2245 1256 2292 dico,
1285 2243 1464 2286 Moscho
1496 2257 1679 2300 progna·

773 2333 868 2365 tum
898 2333 1032 2376 patre.
1185 2319 1188 2321 ‘
1292 2318 1297 2329 ”

169 2405 234 2446 Μ.
257 2404 325 2443 80.
365 2403 480 2443 Tun'
505 2415 603 2442 meo
634 2410 754 2456 patre
783 2413 827 2440 es
855 2396 1122 2454 prognatus?
1165 2396 1243 2437 ·M.
1266 2396 1337 2436 SV.
1378 2397 1520 2437 Immo
1559 2396 1682 2452 equi·

775 2475 898 2521 dem,
929 2470 1196 2515 adolescens,
1237 2483 1351 2511 meo.
1571 2488 1575 2493 ’
1627 2486 1680 2512 20
1730 2457 1735 2470 ⁴

169 2554 319 2595 Tuum
346 2554 428 2594 tibi
457 2566 599 2608 neque
627 2553 865 2606 obcupaoe,
905 2560 1048 2603 neque
1080 2547 1317 2601 praeripere
1346 2544 1526 2599 postulo.
1724 2533 1733 2541 ⁷

171 2639 289 2679 Mus.
332 2635 407 2676 Dii
443 2629 716 2675 inmortales,
763 2626 883 2681 spem
925 2624 1179 2678 insperatam
1216 2621 1314 2661 date
1357 2622 1494 2668 mihi,
1545 2632 1679 2676 quam
1722 2628 1742 2658 ’.Δ

743 2729 751 2735 »
772 2699 976 2755 suspicor.
