1742 2924
155 165 248 216 358
416 196 419 198 -
451 172 761 209 nccfflnvm
801 139 970 209 news*
990 157 1054 208 V.
1096 170 1264 208 scam&
1287 145 1350 211 ΙΪ.

153 279 233 319 Vix
273 281 436 340 negito.
494 282 584 323 BA.
619 281 721 325 Non
763 280 845 321 tibi
887 280 1010 320 venit
1053 279 1101 318 in
1144 289 1362 329 mentem,
1405 285 1581 330 amabo,
1614 285 1662 331 fi,

907 350 1014 393 dum
1043 349 1182 397 vinas,

155 414 260 462 Tibi
278 423 389 463 bene
411 423 555 468 facias,
577 425 662 463 iam
681 426 761 479 po}
772 424 817 464 id
834 425 1008 480 quidem
1028 424 1106 464 effe
1126 424 1244 465 haud
1263 426 1666 483 per-longinquum?

155 495 309 552 Neque
341 499 369 540 fi
404 499 490 567 {100
527 499 659 541 hodie
701 491 913 545 amiseris,
956 499 1046 554 post
1077 502 1123 540 in
1155 509 1296 540 morte
1326 503 1373 542 id
1406 515 1668 544 euenturum

907 570 987 610 effe
1015 584 1221 626 vmquam
1237 571 1259 612 2

159 641 240 684 NI.
274 641 393 694 Quid.
421 643 532 698 ago?
579 645 662 686 ΡΗ.
685 644 807 702 Quid
834 658 943 701 agas,
972 648 1130 701 rogitas
1159 645 1320 686 ctiam?
1360 646 1446 695 thr
1465 647 1604 693 Libet,
1625 657 1669 688 et

914 725 1079 757 metuo.
1123 719 1213 758 ΒΛ.
1242 715 1363 770 Quid
1394 715 1587 756 metuis?

161 788 335 838 N1.,Ne
361 791 575 833 obnoxius
604 791 694 832 filio
723 793 796 834 [im
821 803 864 834 et
897 792 1034 832 seruo.
1082 793 1169 832 BA.
1194 791 1284 831 Mel
1305 805 1468 837 meum,
1502 792 1671 839 amabo,

918 861 1042 902 istaec
1070 860 1195 902 fiunt.
1619 867 1671 902 80

162 932 286 976 Tuus
305 933 373 973 est.
389 934 504 974 vnde
525 936 646 976 illum
669 936 813 976 censes
836 937 1015 982 sumere,
1037 938 1109 977 nifi
1135 936 1255 992 quod
1274 945 1366 977 tute
1389 937 1451 976 illi
1475 935 1675 976 dederis?

163 1002 289 1048 Ha‘nc
327 1011 501 1053 veniam
532 1012 620 1053 illis
652 1013 738 1054 fine
769 1022 810 1052 te
850 1026 1037 1053 exorem.
1097 1014 1179 1065 Νι.
1216 1013 1270 1052 Vt
1301 1009 1514 1053 terebrat!
1551 1010 1671 1052 satin·

917 1082 1192 1122 obfirmatum
1584 1138 1589 1141 Π

155 1152 294 1209 Ωιιοᾶ
325 1156 436 1196 mihi
467 1167 575 1203 erat,
615 1157 661 1196 id
691 1169 762 1196 me
790 1157 966 1197 exorat?
1017 1166 1090 1196 tua
1119 1155 1214 1195 sum
1253 1169 1379 1212 opera
1418 1167 1461 1197 et
1497 1168 1673 1212 propter

921 1237 963 1267 te
991 1228 1229 1279 inprobior.

162 1301 255 1343 BA.
286 1303 512 1360 Nusquam
539 1318 611 1345 me
643 1320 665 1347 a
698 1314 742 1346 te
781 1305 955 1346 auelles.
986 1303 1106 1342 fatin'
1140 1315 1219 1357 ego
1248 1300 1354 1341 istuc
1381 1301 1521 1341 habeo
1557 1301 1680 1342 obfir-

922 1371 1125 1411 matum?

169 1445 251 1486 Nz.
284 1447 414 1501 Quod
446 1447 578 1488 semel
610 1447 714 1494 dixi,
748 1447 866 1488 haud
893 1448 1086 1494 mutabo.
1148 1449 1241 1489 BA.
1271 1449 1311 1489 It
1339 1447 1445 1495 dies,
1476 1449 1535 1488 ite
1565 1451 1680 1492 intro

922 1517 1191 1557 adcubitum.
1572 1546 1574 1548 v
1631 1524 1681 1570 85

167 1588 266 1631 Filii
296 1605 375 1633 vos
406 1590 654 1645 exspectant
680 1594 814 1633 intus.
865 1594 947 1633 N1.
980 1586 1120 1646 Quain
1150 1591 1330 1649 quidem
1353 1602 1544 1633 actutum
1570 1608 1686 1635 emo-

925 1676 1101 1702 rlamur.

170 1711 263 1779 BA.
294 1738 449 1794 Vesper
476 1740 550 1779 hic
575 1738 658 1786 est,
692 1738 941 1795 sequimini.
1004 1738 1088 1777 Ρη.
1119 1738 1279 1779 Ducite
1313 1751 1394 1779 nos
1429 1752 1515 1794 quo
1550 1739 1684 1787 lubet,
1727 1722 1731 1726 ⁴

925 1817 1146 1860 tamquam
1174 1806 1352 1860 quidem
1380 1807 1587 1849 addictos.

172 1884 266 1925 BA.
289 1884 454 1940 Lepide
475 1885 548 1939 ipsi
569 1885 618 1924 hi
635 1883 735 1925 funt
751 1883 882 1938 eapti,
910 1881 996 1923 suis
1021 1883 1096 1938 qui
1116 1880 1219 1922 filiis
1239 1880 1377 1923 fecere
1400 1884 1585 1925 infidias.
1609 1886 1682 1927 ite.

759 2050 1092 2094 GREX.

232 2143 294 2184 Hi
320 2143 463 2192 senes,
493 2146 572 2184 nifi
599 2144 773 2186 fuiss'ent
802 2145 930 2183 nihili
956 2145 1042 2183 iarn
1072 2143 1175 2182 inde
1204 2140 1257 2182 ab
1289 2142 1586 2191 adolescentia,

177 2218 279 2260 Non
307 2221 439 2261 hodie
468 2222 552 2262 hoc
595 2231 765 2260 tantum
791 2219 1004 2273 flagitium
1031 2217 1220 2259 facerent
1246 2219 1363 2266 canis
1395 2220 1630 2273 capitibus:

177 2294 332 2349 Neque
363 2295 470 2336 adeo
499 2298 606 2337 haec
635 2294 902 2341 faceremus,
935 2295 981 2333 ni
1012 2295 1193 2333 antehac
1222 2291 1469 2333 vidjffemus
1499 2292 1606 2341 fieri,
1639 2293 1647 2300 ”

179 2372 233 2411 Vt
264 2371 377 2425 apud
410 2372 590 2412 lenones
615 2372 771 2410 riuales
798 2369 898 2409 filiis
916 2368 1079 2409 ‘fierent
1109 2378 1260 2421 patres).

183 2444 454 2505 Spectatores
482 2460 563 2488 vos
588 2448 733 2489 valere
758 2448 992 2492 volumus,
1020 2456 1063 2485 et
1090 2445 1198 2484 clare
1226 2443 1497 2498 adplaudere.
1612 2502 1614 2505 .
1667 2457 1688 2495 ς
