1742 2924
225 167 322 223 366
727 179 1217 226 mos‘ruunut

222 289 353 330 Venit
384 287 578 343 ignauia,
610 297 659 326 ea
683 288 794 328 mihi
828 290 1052 345 tempestas
1085 293 1183 342 fuit,

210 360 283 405 fEa
317 365 430 405 mihi
458 364 652 403 aduentu
684 360 760 403 suo
796 354 1052 419 grandinem
1085 372 1362 427 imbremque
1394 374 1574 427 adtulin

153 427 180 504 ’ν’
220 442 341 482 Haec
379 437 688 480 verecundiam
718 440 830 480 mihi
856 451 898 481 et
928 444 1103 484 virtutis
1133 446 1319 488 modum

168 505 179 567 ,9
217 516 502 562 Detur-haruin
541 516 650 554 texit
675 514 921 571 detexitque
949 531 972 557 a
1009 534 1079 560 me
1113 522 1247 563 illico.
1669 531 1723 572 60

158 585 178 645 ³3
217 591 315 634 Post
349 592 417 632 illa
449 591 640 646 obtigere
671 604 765 630 eam
802 593 1033 649 neglegens
1066 595 1153 638 fui:

215 669 440 711 Continuo
469 680 545 721 pro
578 667 717 706 imbre
749 678 868 706 amor
894 669 1072 711 aduenit
1101 674 1145 712 in
1185 687 1258 715 cor
1293 691 1456 721 meum,

214 746 253 785 Is
283 758 418 800 vsque
449 744 494 781 in
524 750 674 796 pectus
703 746 999 797 permanauit‚
1034 750 1345 800 permadefecit
1456 726 1459 729 ¹

169 822 179 869 'g
211 821 303 862 Cor
330 832 490 860 meum.
522 830 641 857 nunc
677 818 799 857 simul
834 832 915 865 res,
957 820 1080 874 fides,
1122 822 1249 874 fama,
1283 829 1439 877 virtus,

166 874 182 957 :Z
211 899 442 950 Decusque
474 891 777 934 deseruerunt:
814 907 892 949 ego
924 894 1019 934 sum
1053 898 1099 937 in
1131 898 1210 939 vsu
1663 912 1714 961 55

160 970 174 1010 ὶ
208 973 364 1014 Factus
396 971 532 1010 nimio
561 969 762 1025 nequior.
803 980 930 1025 atque
964 970 1119 1027 edepol
1150 976 1210 1015 ita
1242 971 1246 974 ’

172 1030 180 1096 Ζ
209 1049 330 1088 Haec
357 1049 473 1102 tigna
508 1045 689 1085 humide
717 1053 885 1099 putent.
923 1059 1013 1087 non
1049 1048 1203 1090 videor
1231 1053 1342 1092 mihi

166 1163 168 1166 ,
208 1125 371 1166 Sarcire
404 1122 519 1178 poffe
549 1121 693 1161 aedeis
725 1134 864 1167 meas,
904 1122 1012 1177 quin
1046 1132 1163 1165 totae

159 1198 166 1206 '
205 1202 442 1255 Perpetuae
477 1205 625 1242 ruant,
666 1197 775 1251 quin
812 1211 913 1237 cum
948 1192 1235 1241 fundamento

203 1278 442 1322 Per-ierint,
474 1287 557 1314 nec
588 1274 818 1328 quisquam
849 1273 930 1313 effe
960 1275 1122 1316 auxilio
1156 1288 1299 1331 queat.
1661 1300 1716 1338 70

205 1353 292 1394 Cor
324 1352 462 1395 dolet,
493 1363 630 1404 quum
663 1347 748 1387 scio
779 1359 827 1389 vt
857 1362 979 1388 nunc
1013 1350 1129 1397 sum,
1165 1360 1294 1407 atque
1321 1363 1369 1394 vt
1398 1355 1487 1397 fui:

203 1429 305 1484 Quo
340 1439 482 1482 neque
521 1422 751 1464 industrior
792 1424 845 1463 de
875 1426 1106 1466 iuuentute
1142 1437 1231 1467 erat

195 1506 302 1547 Arte
339 1500 623 1559 gymnastica‚
659 1498 799 1543 disco,
834 1499 981 1548 hastis,
1011 1500 1112 1556 pila,

199 1578 542 1626 Cursusarmis,
572 1588 699 1631 equo.
732 1576 985 1616 victitabam
1019 1579 1201 1636 volupe:

198 1655 469 1699 Parcirnonia
498 1663 540 1692 et
573 1652 731 1692 duritia
763 1649 1015 1705 disciplinae
1053 1654 1148 1692 aliis
1183 1666 1320 1694 eram:
1602 1661 1607 1665 *
1653 1674 1706 1712 75

194 1732 380 1787 optumi
406 1730 568 1784 quique
600 1726 860 1781 expetebant
890 1739 913 1765 a
947 1741 1018 1767 me
1053 1728 1294 1769 doctrinam
1326 1730 1416 1769 fibi.

192 1808 323 1850 Nunc
344 1805 448 1862 post,
471 1817 601 1862 quam
624 1802 755 1843 nihili
781 1799 889 1848 sum,
914 1801 962 1840 id
996 1816 1100 1843 vero
1120 1816 1294 1859 meopte
1318 1806 1495 1861 ingenio
1519 1809 1703 1863 repperi.

546 1985 804 2028 ACTVS
856 1985 888 2024 Ι.
950 1983 1204 2025 SCENA
1254 1986 1343 2026 111.

393 2096 806 2135 PHILEMATIVM,
852 2095 1068 2135 sumu,
1119 2074 1497 2130 PHILOLACHES.

245 2201 335 2241 Iam
359 2196 527 2253 pridem
560 2193 717 2235 ecastor
740 2191 893 2247 frigida
920 2206 1013 2232 non
1045 2195 1134 2232 laui
1168 2193 1304 2247 magis
1339 2194 1549 2240 lubenter,

187 2278 281 2320 Nec
311 2271 430 2314 vnde
460 2282 531 2310 me
561 2270 732 2316 menne,
759 2281 854 2308 mea
887 2268 1067 2323 Scapha,
1097 2281 1190 2307 rear
1215 2268 1610 2324 effe-defaecatam.

195 2357 268 2396 Sc.
299 2353 495 2391 Euentus
527 2346 657 2386 rebus
689 2341 908 2389 omnibus,
934 2344 1056 2383 velut
1085 2345 1223 2383 horno
1252 2341 1394 2383 meffis
1431 2358 1588 2399 magna

184 2430 298 2470 Fuit.
353 2427 444 2466 Pu.
481 2420 598 2476 Quid
624 2433 671 2459 ea
700 2417 842 2458 mellis
874 2418 1039 2459 adtinet
1069 2419 1122 2458 ad
1147 2431 1288 2458 meam
1318 2420 1616 2461 lauationem‘Z

192 2508 266 2547 Sc.
296 2502 449 2544 Nihilo
484 2500 606 2554 plu8‚
649 2507 779 2549 quarn
810 2494 968 2534 lauatio
992 2503 1074 2534 'tua
1107 2493 1159 2532 ad
1189 2492 1372 2542 Amesfim.
1433 2496 1576 2536 Part..
1607 2494 1696 2541 oh,

1083 2564 1230 2602 Venus
1267 2562 1463 2603 venusta!
1669 2571 1713 2612 ς’

180 2650 301 2689 Haec
331 2647 405 2685 illa
440 2640 498 2682 est
527 2638 751 2695 tempestas
786 2650 904 2683 mea,
939 2637 1054 2676 mihi
1085 2650 1194 2692 quae
1227 2637 1481 2679 modestiam
1513 2649 1695 2677 omnem

179 2726 367 2770 Detexit,
396 2728 536 2764 tectus
571 2729 656 2773 qua
680 2715 770 2755 fui:
802 2726 935 2775 quam
962 2713 1074 2752 mihi
1105 2725 1224 2752 amor
1264 2723 1319 2753 et
1341 2712 1516 2767 Cupido
1707 2708 1709 2710 ’
