<?xml version="1.0" encoding="UTF-8"?>
<!DOCTYPE html PUBLIC "-//W3C//DTD XHTML 1.0 Transitional//EN"
    "http://www.w3.org/TR/xhtml1/DTD/xhtml1-transitional.dtd">
<html xmlns="http://www.w3.org/1999/xhtml" xml:lang="en" lang="en">
 <head>
  <title>
</title>
<meta http-equiv="Content-Type" content="text/html;charset=utf-8" />
  <meta name='ocr-system' content='tesseract 3.04.00' />
  <meta name='ocr-capabilities' content='ocr_page ocr_carea ocr_par ocr_line ocrx_word'/>
</head>
<body>
  <div class='ocr_page' id='page_1' title='image "./commentariusperp02plauuoft_0009.png"; bbox 0 0 1742 2892; ppageno 0'>
   <div class='ocr_carea' id='block_1_1' title="bbox 0 287 136 552">
    <p class='ocr_par' dir='ltr' id='par_1_1' title="bbox 0 287 136 552">
     <span class='ocr_line' id='line_1_1' title="bbox 0 310 51 552; textangle 90"><span class='ocrx_word' id='word_1_1' title='bbox 0 347 51 552; x_wconf 43' lang='lat' dir='ltr'>&#39;&#39;W-§03¹⁵</span> <span class='ocrx_word' id='word_1_2' title='bbox 14 310 41 325; x_wconf 87' lang='grc'>·,</span> 
     </span>
     <span class='ocr_line' id='line_1_2' title="bbox 110 287 136 446; textangle 90"><span class='ocrx_word' id='word_1_3' title='bbox 110 444 121 446; x_wconf 73' lang='grc'>’</span> <span class='ocrx_word' id='word_1_4' title='bbox 111 287 136 298; x_wconf 61' lang='lat'>‚⁸</span> 
     </span>
    </p>
   </div>
   <div class='ocr_carea' id='block_1_2' title="bbox 13 581 23 601">
    <p class='ocr_par' dir='ltr' id='par_1_2' title="bbox 13 581 23 601">
     <span class='ocr_line' id='line_1_3' title="bbox 13 581 23 601; textangle 90"><span class='ocrx_word' id='word_1_5' title='bbox 13 581 23 601; x_wconf 61' lang='grc' dir='ltr'>ιο</span> 
     </span>
    </p>
   </div>
   <div class='ocr_carea' id='block_1_3' title="bbox 213 274 1543 299">
    <p class='ocr_par' dir='ltr' id='par_1_3' title="bbox 213 274 1543 299">
     <span class='ocr_line' id='line_1_4' title="bbox 213 274 1543 299; baseline 0 2593"><span class='ocrx_word' id='word_1_6' title='bbox 213 274 1543 299; x_wconf 95' lang='lat' dir='ltr'> </span> 
     </span>
    </p>
   </div>
   <div class='ocr_carea' id='block_1_4' title="bbox 425 582 1327 647">
    <p class='ocr_par' dir='ltr' id='par_1_4' title="bbox 425 582 1327 647">
     <span class='ocr_line' id='line_1_5' title="bbox 425 582 1327 647; baseline -0.004 -2"><span class='ocrx_word' id='word_1_7' title='bbox 425 582 1327 647; x_wconf 85' lang='lat' dir='ltr'>PROOEMIVM.</span> 
     </span>
    </p>
   </div>
   <div class='ocr_carea' id='block_1_5' title="bbox 121 851 1631 994">
    <p class='ocr_par' dir='ltr' id='par_1_5' title="bbox 121 851 1631 994">
     <span class='ocr_line' id='line_1_6' title="bbox 217 851 1630 925; baseline -0.005 -9"><span class='ocrx_word' id='word_1_8' title='bbox 217 851 448 925; x_wconf 82' lang='lat' dir='ltr'>Inuitato</span> <span class='ocrx_word' id='word_1_9' title='bbox 484 864 635 922; x_wconf 83' lang='lat' dir='ltr'>mihi,</span> <span class='ocrx_word' id='word_1_10' title='bbox 680 873 799 911; x_wconf 84' lang='lat' dir='ltr'>ante</span> <span class='ocrx_word' id='word_1_11' title='bbox 833 863 1125 912; x_wconf 86' lang='lat' dir='ltr'><strong>triennium</strong></span> <span class='ocrx_word' id='word_1_12' title='bbox 1160 861 1285 922; x_wconf 87' lang='lat' dir='ltr'>fere,</span> <span class='ocrx_word' id='word_1_13' title='bbox 1328 878 1357 910; x_wconf 88' lang='lat' dir='ltr'>a</span> <span class='ocrx_word' id='word_1_14' title='bbox 1390 859 1492 911; x_wconf 87' lang='lat' dir='ltr'>Cel.</span> <span class='ocrx_word' id='word_1_15' title='bbox 1518 861 1630 910; x_wconf 80' lang='lat' dir='ltr'>Ru-</span> 
     </span>
     <span class='ocr_line' id='line_1_7' title="bbox 121 930 1631 994; baseline -0.004 -10"><span class='ocrx_word' id='word_1_16' title='bbox 121 951 280 985; x_wconf 63' lang='lat' dir='ltr'>murt</span> <span class='ocrx_word' id='word_1_17' title='bbox 318 951 462 990; x_wconf 80' lang='lat' dir='ltr'>meo,</span> <span class='ocrx_word' id='word_1_18' title='bbox 516 944 573 979; x_wconf 90' lang='lat' dir='ltr'>vt</span> <span class='ocrx_word' id='word_1_19' title='bbox 618 942 833 978; x_wconf 86' lang='lat' dir='ltr'>cunctos</span> <span class='ocrx_word' id='word_1_20' title='bbox 874 932 1064 979; x_wconf 84' lang='lat' dir='ltr'>veteris</span> <span class='ocrx_word' id='word_1_21' title='bbox 1109 934 1309 981; x_wconf 85' lang='lat' dir='ltr'>Romae</span> <span class='ocrx_word' id='word_1_22' title='bbox 1353 930 1631 994; x_wconf 84' lang='lat' dir='ltr'><strong>scriptores</strong></span> 
     </span>
    </p>
   </div>
   <div class='ocr_carea' id='block_1_6' title="bbox 93 997 1631 1064">
    <p class='ocr_par' dir='ltr' id='par_1_6' title="bbox 93 997 1631 1064">
     <span class='ocr_line' id='line_1_8' title="bbox 93 997 1631 1064; baseline -0.005 -13"><span class='ocrx_word' id='word_1_23' title='bbox 93 1002 298 1051; x_wconf 87' lang='lat' dir='ltr'>-denuo</span> <span class='ocrx_word' id='word_1_24' title='bbox 337 999 565 1048; x_wconf 88' lang='lat' dir='ltr'>edendos</span> <span class='ocrx_word' id='word_1_25' title='bbox 603 1009 850 1046; x_wconf 88' lang='lat' dir='ltr'>curaturo</span> <span class='ocrx_word' id='word_1_26' title='bbox 891 1015 1103 1064; x_wconf 85' lang='lat' dir='ltr'>operam</span> <span class='ocrx_word' id='word_1_27' title='bbox 1141 1015 1251 1046; x_wconf 90' lang='lat' dir='ltr'>non</span> <span class='ocrx_word' id='word_1_28' title='bbox 1290 997 1631 1046; x_wconf 78' lang='lat' dir='ltr'>detrectarem</span> 
     </span>
    </p>
   </div>
   <div class='ocr_carea' id='block_1_7' title="bbox 117 1064 1632 1266">
    <p class='ocr_par' dir='ltr' id='par_1_7' title="bbox 117 1064 1632 1266">
     <span class='ocr_line' id='line_1_9' title="bbox 121 1064 1632 1132; baseline -0.003 -16"><span class='ocrx_word' id='word_1_29' title='bbox 121 1070 346 1132; x_wconf 80' lang='lat' dir='ltr'><strong>aliquam</strong></span> <span class='ocrx_word' id='word_1_30' title='bbox 371 1068 542 1115; x_wconf 89' lang='lat' dir='ltr'>dicare</span> <span class='ocrx_word' id='word_1_31' title='bbox 565 1083 751 1123; x_wconf 88' lang='lat' dir='ltr'>meam,</span> <span class='ocrx_word' id='word_1_32' title='bbox 787 1067 855 1113; x_wconf 90' lang='lat' dir='ltr'>ita</span> <span class='ocrx_word' id='word_1_33' title='bbox 882 1065 1147 1130; x_wconf 86' lang='lat' dir='ltr'>probanda</span> <span class='ocrx_word' id='word_1_34' title='bbox 1171 1076 1247 1124; x_wconf 89' lang='lat' dir='ltr'>est</span> <span class='ocrx_word' id='word_1_35' title='bbox 1273 1066 1381 1112; x_wconf 87' lang='lat' dir='ltr'>visa</span> <span class='ocrx_word' id='word_1_36' title='bbox 1402 1064 1632 1113; x_wconf 85' lang='lat' dir='ltr'>instituti</span> 
     </span>
     <span class='ocr_line' id='line_1_10' title="bbox 122 1129 1632 1199; baseline -0.004 -14"><span class='ocrx_word' id='word_1_37' title='bbox 122 1138 261 1194; x_wconf 85' lang='lat' dir='ltr'>eius,</span> <span class='ocrx_word' id='word_1_38' title='bbox 297 1151 453 1197; x_wconf 85' lang='lat' dir='ltr'>quam</span> <span class='ocrx_word' id='word_1_39' title='bbox 484 1133 692 1199; x_wconf 90' lang='lat' dir='ltr'>publice</span> <span class='ocrx_word' id='word_1_40' title='bbox 725 1133 1029 1197; x_wconf 85' lang='lat' dir='ltr'>proposuit,</span> <span class='ocrx_word' id='word_1_41' title='bbox 1064 1134 1223 1191; x_wconf 80' lang='lat' dir='ltr'>ratio,</span> <span class='ocrx_word' id='word_1_42' title='bbox 1252 1143 1331 1190; x_wconf 73' lang='lat' dir='ltr'>vt,</span> <span class='ocrx_word' id='word_1_43' title='bbox 1367 1129 1632 1195; x_wconf 84' lang='lat' dir='ltr'>quidquid</span> 
     </span>
     <span class='ocr_line' id='line_1_11' title="bbox 117 1198 1631 1266; baseline -0.004 -14"><span class='ocrx_word' id='word_1_44' title='bbox 117 1204 216 1252; x_wconf 90' lang='lat' dir='ltr'>otii</span> <span class='ocrx_word' id='word_1_45' title='bbox 242 1202 375 1250; x_wconf 86' lang='lat' dir='ltr'>mihi</span> <span class='ocrx_word' id='word_1_46' title='bbox 399 1219 434 1248; x_wconf 74' lang='lat' dir='ltr'>a</span> <span class='ocrx_word' id='word_1_47' title='bbox 461 1217 681 1249; x_wconf 89' lang='lat' dir='ltr'>munere</span> <span class='ocrx_word' id='word_1_48' title='bbox 707 1211 851 1257; x_wconf 71' lang='lat' dir='ltr'>esset,</span> <span class='ocrx_word' id='word_1_49' title='bbox 887 1201 988 1248; x_wconf 87' lang='lat' dir='ltr'>hoc</span> <span class='ocrx_word' id='word_1_50' title='bbox 1012 1201 1069 1247; x_wconf 89' lang='lat' dir='ltr'>in</span> <span class='ocrx_word' id='word_1_51' title='bbox 1093 1201 1365 1266; x_wconf 86' lang='lat' dir='ltr'>negotium</span> <span class='ocrx_word' id='word_1_52' title='bbox 1390 1198 1631 1248; x_wconf 73' lang='lat' dir='ltr'>conserte</span> 
     </span>
    </p>
   </div>
   <div class='ocr_carea' id='block_1_8' title="bbox 11 1266 1632 1334">
    <p class='ocr_par' dir='ltr' id='par_1_8' title="bbox 11 1266 1632 1334">
     <span class='ocr_line' id='line_1_12' title="bbox 11 1266 1632 1334; baseline -0.004 -15"><span class='ocrx_word' id='word_1_53' title='bbox 11 1278 15 1284; x_wconf 91' lang='lat'>&#39;</span> <span class='ocrx_word' id='word_1_54' title='bbox 64 1300 67 1305; x_wconf 45' lang='grc' dir='ltr'><em>ι</em></span> <span class='ocrx_word' id='word_1_55' title='bbox 115 1287 227 1320; x_wconf 89' lang='lat' dir='ltr'>non</span> <span class='ocrx_word' id='word_1_56' title='bbox 254 1269 560 1317; x_wconf 82' lang='lat' dir='ltr'><strong>dubitarem.</strong></span> <span class='ocrx_word' id='word_1_57' title='bbox 633 1273 753 1334; x_wconf 79' lang='lat' dir='ltr'>Quo</span> <span class='ocrx_word' id='word_1_58' title='bbox 790 1269 981 1316; x_wconf 86' lang='lat' dir='ltr'>certius</span> <span class='ocrx_word' id='word_1_59' title='bbox 1023 1269 1166 1316; x_wconf 90' lang='lat' dir='ltr'>enim</span> <span class='ocrx_word' id='word_1_60' title='bbox 1203 1285 1303 1317; x_wconf 85' lang='lat' dir='ltr'>vsu</span> <span class='ocrx_word' id='word_1_61' title='bbox 1335 1266 1513 1316; x_wconf 82' lang='lat' dir='ltr'>edocti</span> <span class='ocrx_word' id='word_1_62' title='bbox 1532 1266 1632 1315; x_wconf 88' lang='lat' dir='ltr'>sci-</span> 
     </span>
    </p>
   </div>
   <div class='ocr_carea' id='block_1_9' title="bbox 114 1333 1628 1402">
    <p class='ocr_par' dir='ltr' id='par_1_9' title="bbox 114 1333 1628 1402">
     <span class='ocr_line' id='line_1_13' title="bbox 114 1333 1628 1402; baseline -0.003 -15"><span class='ocrx_word' id='word_1_63' title='bbox 114 1354 251 1396; x_wconf 85' lang='lat' dir='ltr'>mus,</span> <span class='ocrx_word' id='word_1_64' title='bbox 283 1353 492 1402; x_wconf 81' lang='lat' dir='ltr'>graecae</span> <span class='ocrx_word' id='word_1_65' title='bbox 523 1337 815 1399; x_wconf 84' lang='lat' dir='ltr'>latinaeque</span> <span class='ocrx_word' id='word_1_66' title='bbox 858 1337 1066 1402; x_wconf 85' lang='lat' dir='ltr'>linguae</span> <span class='ocrx_word' id='word_1_67' title='bbox 1101 1335 1277 1385; x_wconf 85' lang='lat' dir='ltr'>studio</span> <span class='ocrx_word' id='word_1_68' title='bbox 1317 1352 1428 1384; x_wconf 90' lang='lat' dir='ltr'>non</span> <span class='ocrx_word' id='word_1_69' title='bbox 1461 1333 1628 1389; x_wconf 86' lang='lat' dir='ltr'>modo</span> 
     </span>
    </p>
   </div>
   <div class='ocr_carea' id='block_1_10' title="bbox 0 1388 1628 1453">
    <p class='ocr_par' dir='ltr' id='par_1_10' title="bbox 0 1388 1628 1453">
     <span class='ocr_line' id='line_1_14' title="bbox 0 1388 1628 1453; baseline -0.002 0"><span class='ocrx_word' id='word_1_70' title='bbox 0 1388 16 1430; x_wconf 33' lang='grc' dir='ltr'>ι’</span> <span class='ocrx_word' id='word_1_71' title='bbox 61 1419 68 1423; x_wconf 78' lang='grc'><strong><em>’</em></strong></span> <span class='ocrx_word' id='word_1_72' title='bbox 114 1404 333 1453; x_wconf 86' lang='lat' dir='ltr'>omnino</span> <span class='ocrx_word' id='word_1_73' title='bbox 360 1406 656 1453; x_wconf 86' lang='lat' dir='ltr'>intereunte</span> <span class='ocrx_word' id='word_1_74' title='bbox 692 1414 782 1452; x_wconf 88' lang='lat' dir='ltr'>aut</span> <span class='ocrx_word' id='word_1_75' title='bbox 807 1414 1103 1452; x_wconf 85' lang='lat' dir='ltr'>renascente</span> <span class='ocrx_word' id='word_1_76' title='bbox 1134 1421 1347 1452; x_wconf 90' lang='lat' dir='ltr'>omnem</span> <span class='ocrx_word' id='word_1_77' title='bbox 1370 1401 1628 1452; x_wconf 84' lang='lat' dir='ltr'>eruditio-</span> 
     </span>
    </p>
   </div>
   <div class='ocr_carea' id='block_1_11' title="bbox 109 1470 1627 1672">
    <p class='ocr_par' dir='ltr' id='par_1_11' title="bbox 109 1470 1627 1672">
     <span class='ocr_line' id='line_1_15' title="bbox 111 1470 1627 1535; baseline -0.002 -13"><span class='ocrx_word' id='word_1_78' title='bbox 111 1489 236 1522; x_wconf 86' lang='lat' dir='ltr'>nem</span> <span class='ocrx_word' id='word_1_79' title='bbox 273 1473 529 1521; x_wconf 84' lang='lat' dir='ltr'>interiisse</span> <span class='ocrx_word' id='word_1_80' title='bbox 568 1471 752 1529; x_wconf 83' lang='lat' dir='ltr'>simul,</span> <span class='ocrx_word' id='word_1_81' title='bbox 787 1483 878 1520; x_wconf 90' lang='lat' dir='ltr'>aut</span> <span class='ocrx_word' id='word_1_82' title='bbox 921 1488 1028 1520; x_wconf 86' lang='lat' dir='ltr'>esse</span> <span class='ocrx_word' id='word_1_83' title='bbox 1065 1483 1324 1529; x_wconf 85' lang='lat' dir='ltr'>renatam,</span> <span class='ocrx_word' id='word_1_84' title='bbox 1376 1470 1627 1535; x_wconf 81' lang='lat' dir='ltr'>supersti-</span> 
     </span>
     <span class='ocr_line' id='line_1_16' title="bbox 109 1539 1627 1603; baseline -0.001 -15"><span class='ocrx_word' id='word_1_85' title='bbox 109 1540 417 1603; x_wconf 82' lang='lat' dir='ltr'>tionemque</span> <span class='ocrx_word' id='word_1_86' title='bbox 450 1549 501 1587; x_wconf 89' lang='lat' dir='ltr'>et</span> <span class='ocrx_word' id='word_1_87' title='bbox 532 1539 819 1587; x_wconf 86' lang='lat' dir='ltr'>barbariem</span> <span class='ocrx_word' id='word_1_88' title='bbox 864 1552 956 1588; x_wconf 91' lang='lat' dir='ltr'>aut</span> <span class='ocrx_word' id='word_1_89' title='bbox 995 1540 1281 1588; x_wconf 86' lang='lat' dir='ltr'>inualuisse</span> <span class='ocrx_word' id='word_1_90' title='bbox 1311 1539 1494 1597; x_wconf 73' lang='lat' dir='ltr'>simul,</span> <span class='ocrx_word' id='word_1_91' title='bbox 1532 1547 1627 1587; x_wconf 86' lang='lat' dir='ltr'>aut</span> 
     </span>
     <span class='ocr_line' id='line_1_17' title="bbox 111 1606 1627 1672; baseline 0 -17"><span class='ocrx_word' id='word_1_92' title='bbox 111 1607 283 1655; x_wconf 87' lang='lat' dir='ltr'>omnis</span> <span class='ocrx_word' id='word_1_93' title='bbox 313 1608 511 1672; x_wconf 87' lang='lat' dir='ltr'>generis</span> <span class='ocrx_word' id='word_1_94' title='bbox 543 1607 777 1655; x_wconf 85' lang='lat' dir='ltr'>culturae</span> <span class='ocrx_word' id='word_1_95' title='bbox 806 1606 988 1655; x_wconf 89' lang='lat' dir='ltr'>fecisse</span> <span class='ocrx_word' id='word_1_96' title='bbox 1018 1607 1221 1666; x_wconf 86' lang='lat' dir='ltr'>locum,</span> <span class='ocrx_word' id='word_1_97' title='bbox 1254 1607 1345 1656; x_wconf 89' lang='lat' dir='ltr'>sed</span> <span class='ocrx_word' id='word_1_98' title='bbox 1378 1606 1627 1671; x_wconf 83' lang='lat' dir='ltr'>quemuis</span> 
     </span>
    </p>
   </div>
   <div class='ocr_carea' id='block_1_12' title="bbox 105 1674 1623 1739">
    <p class='ocr_par' dir='ltr' id='par_1_12' title="bbox 11 1674 1623 1739">
     <span class='ocr_line' id='line_1_18' title="bbox 105 1674 1623 1739; baseline -0.001 -16.058"><span class='ocrx_word' id='word_1_99' title='bbox 105 1675 284 1732; x_wconf 79' lang='lat' dir='ltr'>etiam,</span> <span class='ocrx_word' id='word_1_100' title='bbox 316 1674 687 1738; x_wconf 88' lang='lat' dir='ltr'>quodcumque</span> <span class='ocrx_word' id='word_1_101' title='bbox 723 1674 1019 1739; x_wconf 88' lang='lat' dir='ltr'>professum</span> <span class='ocrx_word' id='word_1_102' title='bbox 1056 1676 1327 1724; x_wconf 88' lang='lat' dir='ltr'>literarum</span> <span class='ocrx_word' id='word_1_103' title='bbox 1366 1674 1623 1732; x_wconf 88' lang='lat' dir='ltr'>studium,</span> 
     </span>
    </p>
   </div>
   <div class='ocr_carea' id='block_1_13' title="bbox 106 1741 1621 1808">
    <p class='ocr_par' dir='ltr' id='par_1_13' title="bbox 106 1741 1621 1808">
     <span class='ocr_line' id='line_1_19' title="bbox 106 1741 1621 1808; baseline 0 -18"><span class='ocrx_word' id='word_1_104' title='bbox 106 1741 325 1791; x_wconf 84' lang='lat' dir='ltr'>istarum</span> <span class='ocrx_word' id='word_1_105' title='bbox 373 1742 671 1807; x_wconf 84' lang='lat' dir='ltr'>linguarum</span> <span class='ocrx_word' id='word_1_106' title='bbox 723 1742 898 1790; x_wconf 83' lang='lat' dir='ltr'>studio</span> <span class='ocrx_word' id='word_1_107' title='bbox 943 1743 1178 1808; x_wconf 88' lang='lat' dir='ltr'>neglecto</span> <span class='ocrx_word' id='word_1_108' title='bbox 1224 1760 1336 1791; x_wconf 89' lang='lat' dir='ltr'>non</span> <span class='ocrx_word' id='word_1_109' title='bbox 1387 1757 1621 1808; x_wconf 79' lang='lat' dir='ltr'>magnos,</span> 
     </span>
    </p>
   </div>
   <div class='ocr_carea' id='block_1_14' title="bbox 24 1806 1620 1875">
    <p class='ocr_par' dir='ltr' id='par_1_14' title="bbox 24 1806 1620 1875">
     <span class='ocr_line' id='line_1_20' title="bbox 24 1806 1620 1875; baseline -0.001 -15"><span class='ocrx_word' id='word_1_110' title='bbox 24 1806 49 1835; x_wconf 56' lang='grc'>’·</span> <span class='ocrx_word' id='word_1_111' title='bbox 107 1807 241 1860; x_wconf 81' lang='lat' dir='ltr'>bene</span> <span class='ocrx_word' id='word_1_112' title='bbox 271 1819 444 1856; x_wconf 87' lang='lat' dir='ltr'>autem</span> <span class='ocrx_word' id='word_1_113' title='bbox 481 1810 623 1857; x_wconf 89' lang='lat' dir='ltr'>culto</span> <span class='ocrx_word' id='word_1_114' title='bbox 660 1809 831 1858; x_wconf 85' lang='lat' dir='ltr'>faciles</span> <span class='ocrx_word' id='word_1_115' title='bbox 868 1820 1242 1875; x_wconf 85' lang='lat' dir='ltr'>exoptatosque</span> <span class='ocrx_word' id='word_1_116' title='bbox 1282 1812 1487 1861; x_wconf 87' lang='lat' dir='ltr'>in·arte</span> <span class='ocrx_word' id='word_1_117' title='bbox 1526 1816 1620 1859; x_wconf 66' lang='lat' dir='ltr'>suti</span> 
     </span>
    </p>
   </div>
   <div class='ocr_carea' id='block_1_15' title="bbox 0 1906 30 2183">
    <p class='ocr_par' dir='ltr' id='par_1_15' title="bbox 0 1906 30 2183">
     <span class='ocr_line' id='line_1_21' title="bbox 0 1906 30 2183; textangle 90"><span class='ocrx_word' id='word_1_118' title='bbox 0 2006 30 2183; x_wconf 40' lang='lat' dir='ltr'>&amp;tu-Thes</span> <span class='ocrx_word' id='word_1_119' title='bbox 0 1942 30 1973; x_wconf 57' lang='grc'>’,</span> <span class='ocrx_word' id='word_1_120' title='bbox 14 1906 26 1914; x_wconf 61' lang='lat' dir='ltr'>v</span> 
     </span>
    </p>
   </div>
   <div class='ocr_carea' id='block_1_16' title="bbox 103 1875 1620 2214">
    <p class='ocr_par' dir='ltr' id='par_1_16' title="bbox 103 1875 1620 2214">
     <span class='ocr_line' id='line_1_22' title="bbox 107 1875 1619 1943; baseline 0.003 -20"><span class='ocrx_word' id='word_1_121' title='bbox 107 1875 275 1924; x_wconf 83' lang='lat' dir='ltr'>facere</span> <span class='ocrx_word' id='word_1_122' title='bbox 295 1893 621 1941; x_wconf 80' lang='lat' dir='ltr'>prog1·essus;</span> <span class='ocrx_word' id='word_1_123' title='bbox 670 1894 732 1925; x_wconf 89' lang='lat' dir='ltr'>eo</span> <span class='ocrx_word' id='word_1_124' title='bbox 756 1878 934 1943; x_wconf 86' lang='lat' dir='ltr'>magis,</span> <span class='ocrx_word' id='word_1_125' title='bbox 965 1879 1060 1941; x_wconf 89' lang='lat' dir='ltr'>qui</span> <span class='ocrx_word' id='word_1_126' title='bbox 1088 1879 1426 1927; x_wconf 85' lang='lat' dir='ltr'>incrementis</span> <span class='ocrx_word' id='word_1_127' title='bbox 1463 1878 1520 1926; x_wconf 88' lang='lat' dir='ltr'>in</span> <span class='ocrx_word' id='word_1_128' title='bbox 1552 1893 1619 1926; x_wconf 87' lang='lat' dir='ltr'>eo</span> 
     </span>
     <span class='ocr_line' id='line_1_23' title="bbox 109 1943 1619 2011; baseline 0.001 -20"><span class='ocrx_word' id='word_1_129' title='bbox 109 1943 283 1991; x_wconf 83' lang='lat' dir='ltr'>studio</span> <span class='ocrx_word' id='word_1_130' title='bbox 316 1945 454 1991; x_wconf 88' lang='lat' dir='ltr'>viam</span> <span class='ocrx_word' id='word_1_131' title='bbox 493 1955 750 1993; x_wconf 89' lang='lat' dir='ltr'>conentur</span> <span class='ocrx_word' id='word_1_132' title='bbox 783 1945 1168 2008; x_wconf 85' lang='lat' dir='ltr'>aliquantulum</span> <span class='ocrx_word' id='word_1_133' title='bbox 1201 1945 1370 1995; x_wconf 87' lang='lat' dir='ltr'>facere</span> <span class='ocrx_word' id='word_1_134' title='bbox 1407 1944 1619 2011; x_wconf 85' lang='lat' dir='ltr'>expedi-</span> 
     </span>
     <span class='ocr_line' id='line_1_24' title="bbox 106 2012 1620 2079; baseline 0.003 -22"><span class='ocrx_word' id='word_1_135' title='bbox 106 2012 322 2068; x_wconf 66' lang='lat' dir='ltr'>tiorem,</span> <span class='ocrx_word' id='word_1_136' title='bbox 373 2013 544 2060; x_wconf 85' lang='lat' dir='ltr'>otium</span> <span class='ocrx_word' id='word_1_137' title='bbox 580 2029 736 2059; x_wconf 86' lang='lat' dir='ltr'>suum</span> <span class='ocrx_word' id='word_1_138' title='bbox 780 2030 809 2060; x_wconf 91' lang='lat' dir='ltr'>e</span> <span class='ocrx_word' id='word_1_139' title='bbox 843 2013 1052 2077; x_wconf 86' lang='lat' dir='ltr'>publica</span> <span class='ocrx_word' id='word_1_140' title='bbox 1082 2015 1277 2078; x_wconf 88' lang='lat' dir='ltr'>patriae</span> <span class='ocrx_word' id='word_1_141' title='bbox 1306 2014 1620 2079; x_wconf 83' lang='lat' dir='ltr'>priuataque</span> 
     </span>
     <span class='ocr_line' id='line_1_25' title="bbox 106 2078 1616 2131; baseline 0.001 -5"><span class='ocrx_word' id='word_1_142' title='bbox 106 2078 396 2127; x_wconf 86' lang='lat' dir='ltr'>multorum</span> <span class='ocrx_word' id='word_1_143' title='bbox 418 2096 474 2127; x_wconf 88' lang='lat' dir='ltr'>re</span> <span class='ocrx_word' id='word_1_144' title='bbox 493 2095 798 2127; x_wconf 87' lang='lat' dir='ltr'>consumere</span> <span class='ocrx_word' id='word_1_145' title='bbox 820 2081 952 2128; x_wconf 90' lang='lat' dir='ltr'>mihi</span> <span class='ocrx_word' id='word_1_146' title='bbox 982 2081 1248 2130; x_wconf 84' lang='lat' dir='ltr'>videntur.</span> <span class='ocrx_word' id='word_1_147' title='bbox 1317 2085 1361 2130; x_wconf 90' lang='lat' dir='ltr'>E</span> <span class='ocrx_word' id='word_1_148' title='bbox 1388 2096 1616 2131; x_wconf 88' lang='lat' dir='ltr'>numero</span> 
     </span>
     <span class='ocr_line' id='line_1_26' title="bbox 103 2147 1617 2214; baseline 0.005 -24"><span class='ocrx_word' id='word_1_149' title='bbox 103 2159 231 2194; x_wconf 84' lang='lat' dir='ltr'>vero</span> <span class='ocrx_word' id='word_1_150' title='bbox 255 2147 569 2210; x_wconf 84' lang='lat' dir='ltr'>scriptorum</span> <span class='ocrx_word' id='word_1_151' title='bbox 604 2163 946 2195; x_wconf 88' lang='lat' dir='ltr'>romanorum</span> <span class='ocrx_word' id='word_1_152' title='bbox 977 2148 1147 2214; x_wconf 87' lang='lat' dir='ltr'>delegi</span> <span class='ocrx_word' id='word_1_153' title='bbox 1169 2149 1431 2206; x_wconf 86' lang='lat' dir='ltr'>Plautum,</span> <span class='ocrx_word' id='word_1_154' title='bbox 1460 2149 1617 2197; x_wconf 86' lang='lat' dir='ltr'>cuius</span> 
     </span>
    </p>
   </div>
   <div class='ocr_carea' id='block_1_17' title="bbox 47 2211 1615 2291">
    <p class='ocr_par' dir='ltr' id='par_1_17' title="bbox 47 2211 1615 2291">
     <span class='ocr_line' id='line_1_27' title="bbox 47 2211 1615 2291; baseline 0.004 -33"><span class='ocrx_word' id='word_1_155' title='bbox 47 2243 49 2245; x_wconf 85' lang='lat'>·</span> <span class='ocrx_word' id='word_1_156' title='bbox 75 2222 78 2225; x_wconf 86' lang='lat'>&#39;</span> <span class='ocrx_word' id='word_1_157' title='bbox 105 2211 161 2258; x_wconf 88' lang='lat' dir='ltr'>in</span> <span class='ocrx_word' id='word_1_158' title='bbox 192 2211 386 2260; x_wconf 82' lang='lat' dir='ltr'>fabulas</span> <span class='ocrx_word' id='word_1_159' title='bbox 415 2215 851 2291; x_wconf 80' lang='lat' dir='ltr'>qualemcumque</span> <span class='ocrx_word' id='word_1_160' title='bbox 887 2232 1055 2263; x_wconf 84' lang='lat' dir='ltr'>meam</span> <span class='ocrx_word' id='word_1_161' title='bbox 1093 2217 1435 2282; x_wconf 87' lang='lat' dir='ltr'>inpenderem</span> <span class='ocrx_word' id='word_1_162' title='bbox 1469 2215 1615 2282; x_wconf 87' lang='lat' dir='ltr'>opel-</span> 
     </span>
    </p>
   </div>
   <div class='ocr_carea' id='block_1_18' title="bbox 104 2277 1615 2415">
    <p class='ocr_par' dir='ltr' id='par_1_18' title="bbox 104 2277 1615 2415">
     <span class='ocr_line' id='line_1_28' title="bbox 104 2277 1615 2345; baseline 0.003 -18"><span class='ocrx_word' id='word_1_163' title='bbox 104 2277 223 2327; x_wconf 82' lang='lat' dir='ltr'>lam.</span> <span class='ocrx_word' id='word_1_164' title='bbox 293 2283 431 2328; x_wconf 88' lang='lat' dir='ltr'>Huic</span> <span class='ocrx_word' id='word_1_165' title='bbox 475 2282 616 2329; x_wconf 89' lang='lat' dir='ltr'>enim</span> <span class='ocrx_word' id='word_1_166' title='bbox 651 2285 866 2331; x_wconf 81' lang='lat' dir='ltr'>Comlco</span> <span class='ocrx_word' id='word_1_167' title='bbox 903 2285 1022 2345; x_wconf 86' lang='lat' dir='ltr'>quis</span> <span class='ocrx_word' id='word_1_168' title='bbox 1057 2287 1221 2332; x_wconf 87' lang='lat' dir='ltr'>nescit</span> <span class='ocrx_word' id='word_1_169' title='bbox 1256 2283 1521 2342; x_wconf 73' lang='lat' dir='ltr'>adcfflere,</span> <span class='ocrx_word' id='word_1_170' title='bbox 1552 2295 1615 2332; x_wconf 81' lang='lat' dir='ltr'>vt</span> 
     </span>
     <span class='ocr_line' id='line_1_29' title="bbox 105 2347 1613 2415; baseline 0.005 -23"><span class='ocrx_word' id='word_1_171' title='bbox 105 2361 286 2394; x_wconf 88' lang='lat' dir='ltr'>omnes</span> <span class='ocrx_word' id='word_1_172' title='bbox 309 2347 522 2410; x_wconf 88' lang='lat' dir='ltr'>quidem</span> <span class='ocrx_word' id='word_1_173' title='bbox 547 2350 647 2396; x_wconf 84' lang='lat' dir='ltr'>viri</span> <span class='ocrx_word' id='word_1_174' title='bbox 678 2348 818 2397; x_wconf 88' lang='lat' dir='ltr'>docti</span> <span class='ocrx_word' id='word_1_175' title='bbox 841 2351 1339 2415; x_wconf 85' lang='lat' dir='ltr'>praestantissimum</span> <span class='ocrx_word' id='word_1_176' title='bbox 1359 2368 1467 2402; x_wconf 85' lang='lat' dir='ltr'>esse</span> <span class='ocrx_word' id='word_1_177' title='bbox 1487 2367 1613 2400; x_wconf 88' lang='lat' dir='ltr'>con-</span> 
     </span>
    </p>
   </div>
   <div class='ocr_carea' id='block_1_19' title="bbox 23 2414 1611 2550">
    <p class='ocr_par' dir='ltr' id='par_1_19' title="bbox 23 2414 1611 2550">
     <span class='ocr_line' id='line_1_30' title="bbox 37 2414 1611 2487; baseline 0.003 -26"><span class='ocrx_word' id='word_1_178' title='bbox 37 2414 57 2487; x_wconf 42' lang='grc'>,’</span> <span class='ocrx_word' id='word_1_179' title='bbox 102 2415 338 2471; x_wconf 77' lang='lat' dir='ltr'>sentiant,</span> <span class='ocrx_word' id='word_1_180' title='bbox 372 2415 815 2480; x_wconf 87' lang='lat' dir='ltr'>lectitandumque</span> <span class='ocrx_word' id='word_1_181' title='bbox 850 2420 1190 2478; x_wconf 80' lang='lat' dir='ltr'>vehementer</span> <span class='ocrx_word' id='word_1_182' title='bbox 1222 2418 1611 2477; x_wconf 83' lang='lat' dir='ltr'>commendent,</span> 
     </span>
     <span class='ocr_line' id='line_1_31' title="bbox 23 2483 1611 2550; baseline 0.006 -24"><span class='ocrx_word' id='word_1_183' title='bbox 23 2488 45 2523; x_wconf 76' lang='grc'>’,</span> <span class='ocrx_word' id='word_1_184' title='bbox 105 2489 170 2535; x_wconf 79' lang='lat' dir='ltr'>at,</span> <span class='ocrx_word' id='word_1_185' title='bbox 204 2492 518 2536; x_wconf 77' lang='lat' dir='ltr'>eumtamen</span> <span class='ocrx_word' id='word_1_186' title='bbox 543 2485 636 2546; x_wconf 89' lang='lat' dir='ltr'>qui</span> <span class='ocrx_word' id='word_1_187' title='bbox 667 2484 839 2549; x_wconf 83' lang='lat' dir='ltr'>legant</span> <span class='ocrx_word' id='word_1_188' title='bbox 869 2483 1208 2550; x_wconf 79' lang='lat' dir='ltr'>fructumque</span> <span class='ocrx_word' id='word_1_189' title='bbox 1231 2504 1260 2534; x_wconf 89' lang='lat' dir='ltr'>e</span> <span class='ocrx_word' id='word_1_190' title='bbox 1285 2486 1462 2535; x_wconf 86' lang='lat' dir='ltr'>studio</span> <span class='ocrx_word' id='word_1_191' title='bbox 1494 2488 1611 2535; x_wconf 86' lang='lat' dir='ltr'>eius</span> 
     </span>
    </p>
   </div>
   <div class='ocr_carea' id='block_1_20' title="bbox 106 2543 1612 2617">
    <p class='ocr_par' dir='ltr' id='par_1_20' title="bbox 106 2543 1612 2617">
     <span class='ocr_line' id='line_1_32' title="bbox 106 2543 1612 2617; baseline 0.006 -24"><span class='ocrx_word' id='word_1_192' title='bbox 106 2543 464 2596; x_wconf 86' lang='lat' dir='ltr'>dulcissimum</span> <span class='ocrx_word' id='word_1_193' title='bbox 491 2552 779 2615; x_wconf 86' lang='lat' dir='ltr'>percipiant</span> <span class='ocrx_word' id='word_1_194' title='bbox 812 2553 1273 2617; x_wconf 74' lang='lat' dir='ltr'>Vtilissimumque‚</span> <span class='ocrx_word' id='word_1_195' title='bbox 1303 2553 1467 2602; x_wconf 87' lang='lat' dir='ltr'>iidem</span> <span class='ocrx_word' id='word_1_196' title='bbox 1505 2553 1612 2603; x_wconf 87' lang='lat' dir='ltr'>viri</span> 
     </span>
    </p>
   </div>
   <div class='ocr_carea' id='block_1_21' title="bbox 42 2609 1611 2687">
    <p class='ocr_par' dir='ltr' id='par_1_21' title="bbox 42 2609 1611 2687">
     <span class='ocr_line' id='line_1_33' title="bbox 42 2609 1611 2687; baseline 0.008 -29"><span class='ocrx_word' id='word_1_197' title='bbox 42 2642 46 2644; x_wconf 95' lang='lat'><em>-</em></span> <span class='ocrx_word' id='word_1_198' title='bbox 104 2609 245 2661; x_wconf 69' lang='lat' dir='ltr'>docti</span> <span class='ocrx_word' id='word_1_199' title='bbox 276 2615 375 2663; x_wconf 87' lang='lat' dir='ltr'>sint</span> <span class='ocrx_word' id='word_1_200' title='bbox 398 2618 781 2681; x_wconf 84' lang='lat' dir='ltr'>propemodum</span> <span class='ocrx_word' id='word_1_201' title='bbox 803 2620 933 2668; x_wconf 68' lang='lat' dir='ltr'>soli?</span> <span class='ocrx_word' id='word_1_202' title='bbox 1002 2622 1109 2687; x_wconf 85' lang='lat' dir='ltr'>Qui</span> <span class='ocrx_word' id='word_1_203' title='bbox 1139 2622 1282 2669; x_wconf 87' lang='lat' dir='ltr'>enim</span> <span class='ocrx_word' id='word_1_204' title='bbox 1308 2622 1428 2678; x_wconf 84' lang='lat' dir='ltr'>viri,</span> <span class='ocrx_word' id='word_1_205' title='bbox 1463 2619 1611 2685; x_wconf 77' lang='lat' dir='ltr'>quod</span> 
     </span>
    </p>
   </div>
   <div class='ocr_carea' id='block_1_22' title="bbox 102 2683 1609 2752">
    <p class='ocr_par' dir='ltr' id='par_1_22' title="bbox 102 2683 1609 2752">
     <span class='ocr_line' id='line_1_34' title="bbox 102 2683 1609 2752; baseline 0.008 -26"><span class='ocrx_word' id='word_1_206' title='bbox 102 2694 134 2726; x_wconf 78' lang='lat' dir='ltr'>a</span> <span class='ocrx_word' id='word_1_207' title='bbox 167 2683 398 2732; x_wconf 88' lang='lat' dir='ltr'>muneris</span> <span class='ocrx_word' id='word_1_208' title='bbox 431 2686 622 2749; x_wconf 87' lang='lat' dir='ltr'>cuique</span> <span class='ocrx_word' id='word_1_209' title='bbox 653 2684 876 2752; x_wconf 80' lang='lat' dir='ltr'>negotiis</span> <span class='ocrx_word' id='word_1_210' title='bbox 917 2686 1070 2737; x_wconf 87' lang='lat' dir='ltr'>datur</span> <span class='ocrx_word' id='word_1_211' title='bbox 1108 2690 1294 2748; x_wconf 88' lang='lat' dir='ltr'>otium,</span> <span class='ocrx_word' id='word_1_212' title='bbox 1335 2691 1609 2738; x_wconf 80' lang='lat' dir='ltr'>literarum</span> 
     </span>
    </p>
   </div>
  </div>
 </body>
</html>
