1742 2924
165 188 257 244 236
775 201 1045 236 eastun

477 304 733 347 ACTVS
787 309 851 348 ΙΙ.
919 307 1170 350 SCENA
1218 311 1331 351 VII.

750 414 1076 450 CHALINVS.

214 514 263 555 Si
292 527 412 554 nunc
436 527 507 554 me
531 512 811 568 suspendam,
843 530 985 556 meam
1013 531 1184 570 operam
1211 516 1399 564 luserim,

155 590 215 638 Et
244 598 408 645 praeter
437 602 610 644 operam
640 590 780 629 restim
814 589 1162 647 sumptifecerim‚

156 665 214 725 Et
239 666 346 705 meis
379 665 568 705 inimicis
597 666 863 721 voluptatem
893 669 1141 709 creauerim.

158 740 281 795 Quid
311 754 420 794 opus
449 739 526 786 est,
557 742 634 796 qui
668 743 721 781 sic
750 743 981 800 mortuus?
1011 744 1215 798 equidem
1247 753 1390 785 tamen

157 815 272 855 Sorti
303 814 398 854 sum
428 817 593 862 victus,
623 817 770 856 Casina
801 819 935 873 nubet
961 820 1124 859 villico.

153 890 294 947 Atque
323 891 368 930 icl
397 904 485 931 non
515 899 603 931 tam
631 891 799 947 aegre'st
827 894 910 933 iam
944 894 1088 934 vicisse
1116 894 1325 941 villicum,

156 967 300 1021 Quam
328 967 373 1006 id
406 967 652 1021 expetiuiffe
681 980 808 1020 opere
838 979 924 1008 tam
954 982 1112 1023 magno
1143 969 1299 1016 senem,

152 1042 221 1083 Ne
250 1055 297 1082 ea
325 1043 436 1094 mihi
462 1042 654 1103 daretur,
685 1052 811 1098 atque
840 1055 888 1084 vt
914 1045 976 1083 illi
1004 1045 1198 1085 nuberet.

152 1117 209 1157 Vt
235 1119 311 1157 isse
339 1117 602 1173 trepidabat!
642 1128 688 1157 vt
718 1118 940 1159 festinabat
964 1118 1114 1159 miset!

154 1194 208 1233 Vt
236 1193 520 1239 subsultabat,
559 1194 779 1249 postquam
809 1195 918 1236 vicit
948 1193 1141 1235 villicus!

150 1270 273 1317 Atat,
303 1271 538 1310 concedam
567 1272 675 1310 huc:
714 1270 841 1310 audio
871 1273 1026 1325 aperiri
1054 1271 1165 1311 fores

148 1344 269 1384 Mihi
299 1345 614 1386 beneuolentis.
648 1356 775 1400 atque
804 1358 826 1383 a
856 1358 926 1384 me
954 1345 1187 1400 prodeunt.

149 1416 238 1462 Hie
267 1432 317 1459 ex
343 1420 507 1460 infidiis
539 1421 658 1461 hisce
687 1434 765 1475 ego
797 1420 967 1479 infidias
997 1421 1120 1462 dabo.

451 1614 714 1655 ACTVS
767 1617 829 1657 ΙΙ.
898 1616 1164 1658 SCENA
1213 1619 1356 1660 VIII.

229 1706 245 1717 ⁴
281 1724 544 1766 ommno,
587 1725 839 1768 STALINO,
883 1722 1139 1759 cffitvas
1182 1717 1226 1755 in
1257 1716 1416 1769 angulo
1434 1711 1535 1776 suo.

205 1820 308 1861 Sine
339 1820 472 1861 modo
501 1835 572 1863 rus
600 1824 768 1870 veniat,
815 1835 895 1878 ego
925 1824 1142 1863 remittam
1172 1822 1224 1862 ad
1256 1832 1298 1865 te
1329 1827 1472 1865 virum

149 1896 267 1938 CuLm
298 1896 415 1938 furca
446 1899 493 1937 in
514 1899 686 1944 vrbem,
714 1909 932 1955 tamquam
962 1899 1273 1939 carbonarium.

156 1976 231 2016 ST.
264 1976 326 2016 Ita
353 1973 445 2014 fieri
474 1980 653 2028 opottet.
722 1975 805 2015 01„
837 1975 1016 2014 Factum
1046 1984 1087 2013 et
1116 1984 1315 2014 curatum
1345 1973 1469 2016 dabo.

138 2052 230 2092 ‚Su
260 2050 390 2091 Volui
418 2049 678 2095 Chalinum,
715 2050 743 2090 fi
774 2050 894 2092 domi
921 2050 1041 2094 esset,
1080 2051 1250 2089 mittere

148 2126 320 2167 Tecum
347 2125 623 2180 opsonatum,
660 2133 709 2163 vt
738 2126 869 2164 etiam
898 2127 944 2164 in
974 2138 1170 2165 moerore
1199 2122 1372 2178 insuper

147 2185 337 2243 Inimico
369 2199 510 2240 nostro
542 2199 758 2241 miseriam
787 2201 900 2240 hauc
928 2200 1223 2255 adiungerem.

149 2278 243 2319 Cn.
275 2274 484 2318 Recessim
515 2274 664 2316 cedam
695 2275 748 2315 ad
777 2276 1011 2331 parietem,
1047 2260 1259 2315 imitabor'
1275 2287 1446 2329 nepam,

146 2351 398 2407 Captandus
432 2350 490 2390 est
514 2351 671 2391 horum
705 2351 948 2392 clanculum
982 2349 1121 2391 sermo
1151 2350 1277 2389 mihi.

147 2428 263 2469 Nam
291 2428 466 2469 illorum
494 2438 565 2466 me
594 2426 698 2465 alter
729 2427 910 2473 cruciat,
945 2427 1048 2466 alter
1074 2434 1271 2473 macerat,

147 2500 204 2545 At
234 2501 489 2542 candidatus
516 2500 631 2541 cedit
657 2501 732 2540 hic
760 2500 970 2558 mastigia:

149 2578 436 2621 Stimulorum
465 2578 613 2618 loculi.
639 2577 828 2632 protollo
858 2585 1043 2616 mortem
1070 2574 1196 2614 mihi.

146 2653 329 2694 Certum
356 2653 434 2699 est,
464 2653 754 2694 Acheruntem
786 2651 1057 2706 praemittam
1087 2649 1221 2704 prius.

1596 1210 1654 1239 >10

1599 2514 1651 2544 10

157 2730 240 2772 ΟΕ.
267 2729 319 2768 Vt
346 2730 429 2770 tibi
462 2736 542 2784 ego
569 2729 775 2785 inuentus
808 2725 903 2767 sum
930 2721 1193 2780 obsequens!
1214 2722 1351 2778 ²quod
1385 2729 1601 2762 maxum·>

318 2830 335 2843 d
