1742 2924
1486 119 1493 137 ι
1534 126 1539 131 .

161 164 294 230 ἱ354
355 144 358 145 ’
686 138 693 146 ’
766 151 1148 208 ΒΛοοΗιῡνΜ

200 258 441 314 Philoxene
463 271 591 313 salue.
625 273 714 315 PH.
735 274 792 314 Et
812 286 875 317 tu.
901 277 1018 317 vnde
1039 280 1162 334 agis?
1193 282 1273 321 Νι.
1289 275 1410 326 vnde
1429 254 1565 330 homo
1583 289 1713 332 miser

875 358 1004 403 atque
1035 347 1342 400 infortunatus.
1657 375 1708 400 20

195 418 286 458 ΡΗ.
310 417 365 457 At
396 418 471 471 pol
501 432 580 474 ego
610 419 673 459 ibi
705 419 819 468 sum,
858 422 939 462 effe
972 423 1048 462 vbi
1079 423 1282 468 miserum
1323 427 1548 474 homiuem
1584 434 1710 477 decet

873 502 1002 549 atque
1032 492 1369 539 infortunatum.

195 563 277 604 Νι.
308 564 446 621 Igitur
466 565 559 618 pari
579 563 767 614 fortuna,
789 577 927 608 aetate
949 579 998 608 vt
1022 568 1180 619 sumus,
1200 575 1377 614 vtimur.
1419 577 1505 617 Pu.
1529 579 1600 619 Sic
1625 579 1704 620 est:

870 638 962 686 sed,
997 650 1070 684 tu,

195 712 317 768 Quid
336 713 415 753 tibi
439 710 526 753 est?
554 713 635 753 Nl.
656 713 736 754 Pol
757 715 870 754 mihi
889 719 964 769 par
985 715 1102 754 idem
1136 691 1192 756 est
1213 719 1331 774 quod
1357 720 1451 761 tibi.
1487 721 1571 762 PH.
1584 723 1706 763 Num

563 798 579 803 ⁴
873 784 1082 840 quidnam
1109 786 1161 824 ad
1194 785 1331 828 filium

193 857 314 898 Haec
334 857 557 911 aegritudo
584 858 783 900 adtinet?
811 860 890 899 Νι.
919 860 1180 902 Admodum.
1211 864 1296 903 PH.
1317 864 1439 904 Idem
1463 867 1575 906 mihi
1594 880 1706 908 mor·

866 929 948 983 bus
979 932 1024 969 in
1056 943 1229 990 pectore⁴
1260 934 1328 974 est.

188 1002 272 1043 Νι.
303 1002 357 1042 At
384 1002 497 1041 mihi
528 1001 758 1054 Chrysalus
789 1015 995 1059 optumus
1025 1008 1190 1047 homo‘
1649 1025 1697 1062 ις

188 1077 385 1121 Perdidit
412 1076 578 1125 filium,
608 1093 701 1127 me,
743 1091 871 1136 atque
900 1095 991 1121 rem
1021 1096 1199 1123 omnem

185 1156 349 1196 Meam.
384 1156 472 1194 PH.
497 1154 616 1209 Quid
649 1155 729 1194 tibi
763 1170 814 1195 ex
847 1155 938 1197 filio
964 1171 1079 1205 uam,
1111 1159 1300 1208 obsecro,
1332 1176 1454 1220 aegre
1487 1164 1572 1206 est?
1615 1167 1696 1206 Nr.

868 1227 986 1267 Scies
1017 1229 1084 1268 id:
1116 1233 1244 1283 periit
1589 1278 1609 1287 ,

189 1308 304 1350 Cum
333 1305 431 1348 tuo!
466 1314 593 1360 atque
623 1305 750 1345 ambo
781 1312 917 1360 aeque
943 1305 1103 1343 amicas
1134 1306 1308 1347 habent.
1351 1309 1438 1348 Pu.
1468 1309 1558 1363 Qui
1586 1309 1700 1351 scis?

864 1374 944 1413 Νι.
966 1373 1078 1414 Vidi.
1122 1377 1209 1416 PH.
1239 1377 1322 1415 Hei
1350 1379 1475 1424 mihi,
1500 1377 1703 1434 disperii!

186 1453 268 1499 Νι.
290 1450 411 1506 Quid
429 1449 679 1489 dubitamus
702 1450 883 1503 pultare,
910 1459 1038 1503 atque
1067 1450 1152 1490 huc
1173 1463 1354 1492 euocare
1380 1455 1528 1494 ambos
1551 1453 1696 1494 foras?

184 1530 276 1569 Pu.
306 1525 438 1566 Haud
466 1538 625 1566 moror.
677 1526 758 1565 Νι.
791 1525 910 1565 Heus
941 1525 1138 1572 Bacchis,
1170 1524 1275 1566 iube
1304 1527 1355 1567 fis
1380 1538 1574 1570 actutum
1601 1543 1698 1585 ape-

858 1596 937 1634 riri
968 1594 1096 1643 fores,
1162 1624 1165 1627 r
1643 1613 1694 1648 30

184 1674 275 1715 Nifi
303 1671 507 1712 mauoltis
536 1668 651 1710 fores
682 1678 724 1710 et
752 1669 889 1724 postes
920 1673 1163 1713 comminui
1188 1670 1415 1713 securibus.

541 1836 795 1881 ‘ACTVS
848 1839 896 1882 V.
967 1842 1216 1883 SCENA
1270 1842 1334 1882 11.

233 1941 521 1975 BAccmDEs
554 1931 666 1968 duae
697 1932 901 1978 Sorores,
940 1939 1250 1982 mconvlws,
1289 1941 1638 1973 rHuoanvs.

237 2031 371 2085 Quis,
405 2028 548 2069 sonitu
578 2042 630 2069 ac
664 2031 857 2069 tumultu
885 2040 1027 2075 tanto,
1060 2031 1241 2070 nomine
1270 2030 1469 2069 nominat

179 2108 270 2152 Me,
293 2117 420 2161 atque
442 2105 583 2157 pultat
602 2104 759 2144 aedes?
790 2106 871 2144 Νι.
895 2104 986 2158 Ego
1011 2112 1138 2159 atque
1157 2105 1242 2144 hic.
1276 2106 1364 2144 BA.
1386 2103 1506 2157 Quid
1525 2105 1610 2146 hoc
1632 2103 1687 2144 est

177 2180 390 2237 Negotii?
421 2192 545 2225 nam,
577 2179 755 2224 amabo,
786 2180 884 2234 quis
910 2181 987 2220 has
1015 2180 1103 2219 huc
1131 2192 1235 2219 oues
1263 2178 1438 2233 adegit?

175 2259 258 2297 Νι.
287 2250 405 2297 Oues
435 2241 515 2295 fios
541 2264 699 2295 vocant
727 2254 955 2309 peffumae.
1016 2257 1081 2295 So.
1112 2254 1254 2294 Pastor
1282 2255 1436 2296 harum

172 2333 361 2377 Dormit,
390 2343 524 2384 quum
556 2330 636 2376 hae
667 2341 772 2370 eunt
797 2332 856 2370 fic
885 2345 907 2371 a
935 2343 1046 2386 pecu
1076 2332 1317 2385 palitantes.
1538 2351 1541 2353 -
1661 2351 1682 2388 ς
1741 2351 1742 2359 1

171 2408 264 2447 BA.
295 2408 351 2448 At
379 2406 455 2461 pol
484 2407 649 2451 nitent,
690 2405 809 2454 haud
841 2404 1033 2446 sordidae
1063 2403 1268 2445 videntur
1296 2407 1460 2450 ambae.
1483 2423 1487 2431 '¹

122 2482 126 2484 ’
173 2483 241 2522 So.
272 2479 486 2521 Adtonsae
517 2480 597 2519 hae
619 2481 797 2534 quidem
819 2481 969 2520 ambae
996 2463 1131 2535 vstiue
1157 2480 1265 2533 sunt.
1299 2483 1385 2523 Pu.
1405 2483 1460 2522 Vt
1481 2484 1685 2527 videntur

169 2556 380 2596 Deridere
411 2546 513 2596 hos!
572 2556 652 2594 Νι.
686 2555 803 2601 Sine,
834 2554 907 2596 suo
937 2569 1073 2610 vsque
1099 2556 1318 2596 arbitratu.

170 2633 262 2671 BA.
294 2634 442 2672 Rerin’
468 2631 610 2672 terin
643 2643 759 2670 anno
795 2639 842 2670 tu
872 2631 949 2671 has
978 2630 1200 2670 tonfitari‘?
1255 2632 1318 2670 So.
1353 2632 1440 2673 Pol·
1458 2632 1591 2674 hodie

167 2707 308 2748 Altera
338 2709 426 2746 iam
454 2707 523 2746 bis
547 2698 729 2749 *detonsa
760 2714 876 2747 certo
905 2704 973 2746 est.
1032 2706 1124 2746 BA.
1154 2706 1330 2746 Vetulae
1622 2720 1672 2747 10
