1742 2924
502 227 509 239 ,
557 181 726 220 ica-vs
759 162 829 217 11:
869 180 1031 216 senua
1061 167 1139 221 Ι(
1490 171 1596 222 457.

81 284 314 339 inscendo,
349 302 400 332 vt
428 303 523 331 eam
552 303 645 330 rem
676 288 950 345 Naupactum
977 288 1031 328 ad
1062 287 1216 327 herum
1241 288 1457 331 nuntiem.

82 369 166 408 Vbi
181 358 349 411 'sumus’
365 368 567 421 prouecti
601 367 648 405 in
674 366 835 410 altum,
865 364 913 404 id
939 364 1057 419 quod
1087 363 1258 409 volunt,

83 443 272 498 Capiunt
300 442 538 498 praedones
576 454 734 482 nauem
766 440 908 484 illam,
938 439 1015 478 vbi
1046 447 1198 478 vectus
1227 436 1307 478 fui.
1418 428 1425 433 ’
1534 455 1589 493 40

80 517 204 559 Prius
234 519 367 572 perii,
396 512 529 573 ‚quam
554 517 610 557 ad
642 517 798 556 herum
825 504 954 561 freni,
993 527 1082 569 quo
1114 516 1178 554 ire
1207 515 1507 571 obcoeperam.

81 593 185 640 lile,
224 596 299 649 qui
329 606 401 633 me
430 590 577 648 cepit,
600 590 673 631 dat
698 595 777 632 me?
801 591 907 631 huic
935 589 1052 637 dono
1081 589 1230 630 Militi.

82 663 167 709 Hic
195 667 415 724 postquam
441 670 490 708 in
519 669 646 709 aedes
674 681 745 708 me
772 666 827 708 ad
864 665 906 706 se
928 664 1063 706 duxit
1091 665 1288 711 domum,

83 740 217 783 Video
244 744 363 783 illam
390 745 573 783 amicam
606 742 813 788 herilem,
849 730 1032 783 Athenis
1061 753 1173 796 quae
1202 738 1301 782 fuit.

82 818 164 858 Vbi
196 829 345 859 contra
370 816 560 873 adspexit
589 831 674 862 me,
711 818 851 859 oculis
881 818 991 857 mihi
1024 817 1188 871 signum
1219 816 1355 863 dedit,
1536 830 1586 869 4ς
1624 864 1630 873 ¹

82 891 149 932 Ne
179 890 219 932 se
245 893 526 948 adpellarem:
564 892 745 938 deinde.
774 891 995 948 postquam
1025 892 1187 932 occasio
1218 891 1287 937 est,

1 999 6 1006 .
79 967 375 1023 Conqueritur
401 981 574 1010 mecum
605 969 759 1007 mulier
791 965 984 1008 fortunas
1015 966 1125 1006 snas.

0 1032 4 1040 ¹
80 1042 153 1091 Ait
185 1041 270 1082 sese
299 1025 485 1082 Athenae
520 1043 670 1098 fugere
700 1056 857 1098 cupere
887 1056 938 1083 ex
967 1043 1050 1081 hac
1080 1041 1228 1087 domu,

49 1110 54 1113 ¹
84 1116 183 1158 Sere
207 1118 330 1159 illum
361 1131 502 1158 amare
532 1133 680 1159 meum
708 1118 889 1164 herum,
918 1117 1099 1158 Athenis
1127 1117 1204 1171 qui
1234 1115 1342 1164 fuit;

83 1193 239 1249 Neque
271 1195 395 1246 peius
425 1180 687 1249 quemquam
723 1192 878 1238 odisse,
906 1205 1039 1247 quam
1069 1190 1194 1232 istum
1222 1192 1427 1253 Militem.
1543 1206 1595 1243 50

83 1269 190 1326 Ego,
218 1269 428 1325 quoniam
456 1267 622 1324 inspexi
651 1269 847 1309 mulieris
878 1270 1151 1314 sententiam,

83 1328 194 1399 Cepi
222 1330 418 1390 tabellas,
451 1345 699 1398 confignaui
730 1343 1001 1386 clanculum.

82 1418 197 1458 Dedi
227 1420 480 1471 mercatori,
518 1421 595 1474 qui
624 1419 677 1458 ad
710 1420 835 1461 illum
865 1419 1029 1461 deferat

0 1481 29 1547 ἷξ-
77 1474 242 1534 *Meuin‘
267 1495 446 1551 berum,
480 1496 554 1549 qui
584 1495 764 1536 Athenis
795 1494 957 1547 fuerat,
987 1496 1064 1550 qui
1090 1497 1205 1537 hanc
1237 1507 1470 1545 amauerat,

0 1558 14 1574 ⁹
85 1569 140 1609 Vt
169 1570 206 1608 is
238 1569 325 1609 huc
352 1569 540 1610 veniret..
579 1572 616 1610 is
649 1583 741 1610 non
769 1569 931 1624 spreuit
961 1572 1193 1619 nuntium;
1546 1588 1594 1625 ςς

87 1642 201 1683 Nam
230 1651 274 1684 et
301 1645 447 1689 venit,
476 1654 519 1683 et
546 1626 588 1683 ia
611 1646 656 1684 in
685 1659 897 1698 proxumo
926 1645 1001 1687 hic
1031 1647 1275 1687 deuortitur

16 1721 22 1770 ᾗ
89 1717 217 1772 Apud
247 1716 374 1758 suum
399 1728 624 1772 paternum
651 1719 895 1775 hospitem,
926 1721 1123 1776 lepidum
1155 1720 1314 1762 senem.

72 1795 236 1849 xltaque
264 1793 336 1832 ille
368 1794 529 1834 amanti
560 1794 635 1833 suo
664 1794 825 1851 hospiti
851 1809 1019 1836 morem
1047 1799 1179 1852 gerit3

90 1871 268 1925 Nosque
298 1883 428 1925 opera
456 1870 719 1925 consilioque
753 1869 1024 1917 adhortatur,
1056 1874 1194 1915 iuuat.

35 1991 40 1997 Ι
91 1945 239 2000 ltaque
266 1957 346 2000 ego
378 1944 526 1999 paraui
554 1945 629 1984 hic
657 1947 775 1986 intua
806 1958 986 2000 magnas
1014 1947 1252 1995 machinas,
1548 1955 1603 1996 60

93 2017 183 2073 Qui
213 2021 423 2060 amanteis
450 2033 535 2058 vna
567 2021 679 2059 inter
707 2020 747 2059 se
775 2019 958 2060 facerem
989 2025 1233 2065 conuenas:

48 2115 51 2118 1
90 2094 207 2136 Nam
234 2108 371 2135 vnum
397 2096 627 2140 conclaue,
659 2096 928 2136 concubinae
959 2098 1078 2151 quod
1109 2098 1231 2140 dedit

94 2169 245 2216 Miles,
275 2183 364 2226 quo
394 2182 526 2210 nemo
556 2171 633 2210 nifi
663 2169 999 2224 eapse'inferret
1026 2173 1198 2227 pedem,

65 2246 71 2252 '
95 2246 147 2285 In
176 2257 229 2285 eo
258 2245 458 2286 conclaui
487 2259 566 2301 ego
597 2245 769 2301 perfodi
798 2248 1024 2300 parietem,

98 2319 196 2374 Qua
223 2329 492 2378 commeatus
526 2320 625 2360 effet
654 2320 755 2360 huic
787 2322 975 2362 mulieri.
1552 2332 1604 2383 65

99 2393 156 2433 Et
184 2393 281 2435 sene
310 2393 472 2435 sciente
500 2395 585 2436 hoc
614 2394 722 2436 feci:
754 2397 791 2436 is
818 2397 1042 2437 confilium
1072 2400 1206 2443 dedit.

98 2467 214 2508 Nam
241 2482 363 2510 meus
392 2468 619 2512 conserues
650 2471 707 2511 est
739 2473 875 2512 homo
907 2472 1023 2512 haud
1050 2478 1200 2531 magni
1229 2480 1372 2533 pretii,

0 2570 1 2594 ;
105 2543 249 2596 Quem
278 2546 549 2588 concubinae
581 2546 707 2587 Miles
739 2546 958 2587 custodem
990 2547 1173 2592 addidit.

0 2600 23 2672 l]
105 2619 159 2658 Ei
188 2617 446 2660 noe'facetia
478 2620 650 2662 fabricis
682 2633 726 2662 et
753 2623 892 2663 doctis
932 2623 1041 2664 dolis

19 2729 21 2731 ,
85 2694 387 2750 ν(ὶίειιιιεοιηειιι
415 2696 472 2737 ob
501 2698 652 2738 oculos
681 2698 965 2740 obiiciemua:
1002 2711 1191 2757 eumque
1219 2702 1277 2743 ita
1560 2718 1613 2753 το
