1742 2924
159 172 256 220 434
634 174 1187 217 MENABCHMORVM

166 279 269 324 MV.
300 281 442 337 Negas
471 279 636 322 nouiffe
666 281 772 322 me?
812 295 943 338 negas
971 286 1348 340 patremmeum?
1385 319 1387 322 ι
1625 305 1677 342 ςο

166 355 266 399 ΜΕ.
301 357 420 397 Idem
451 357 596 399 hercle
625 357 789 405 dicam,
830 358 858 396 fi
886 362 1016 399 avom
1044 361 1113 399 vis
1145 359 1374 406 adducere.

95 480 99 488 s
167 430 269 474 Mr.
300 422 469 474 Ecastor
492 434 654 488 pariter
682 433 782 481 hoc,
814 440 943 490 atque
971 434 1074 476 alias
1105 448 1175 476 res
1211 436 1334 480 soles.
1454 418 1467 439 Ν

518 610 769 652 ACTVS
826 611 876 652 V.
947 611 1202 652 SCENA
1257 614 1318 654 11.

353 721 548 762 sssxssx,
603 723 837 762 mxuma,
888 705 1256 755 MENAECHMVS
1299 709 1490 770 Sosicles.

223 821 279 860 Vt
303 828 416 860 aetas
442 832 538 860 mea
566 818 644 866 est,
676 828 805 874 atque
834 828 882 859 vt
907 820 994 861 hoc
1021 820 1120 861 vsus
1149 804 1264 862 facto'
1290 819 1361 868 est,

173 894 362 936 Gradum
391 893 629 949 ptoferam,
660 895 862 949 progredi
888 896 1143 950 properabo.

170 970 256 1015 Sed
283 970 329 1010 id
362 985 492 1027 quam
523 970 650 1012 facile
679 970 727 1010 fit
751 971 887 1017 mihi,
916 971 1035 1010 haud
1066 969 1160 1010 sum
1191 969 1333 1010 falsus.
1375 1006 1381 1015 ,

171 1030 286 1086 Nam
313 1048 546 1101 pernicitas
579 1045 759 1087 deserit:
794 1047 978 1088 consitus
1008 1045 1102 1086 sum

172 1121 428 1163 Senectute:
459 1121 664 1162 onustum
695 1136 796 1177 gero
823 1135 1000 1177 corpus3
1031 1108 1146 1162 vireo
1661 1139 1683 1177 ς

171 1197 418 1253 Reliquere.
450 1176 500 1238 v‘t
526 1209 640 1240 aetas
670 1198 803 1244 mala,
842 1211 958 1236 merx
988 1199 1101 1237 mala
1133 1197 1188 1237 est
1213 1197 1358 1254 tergo!

172 1274 286 1314 Nam
314 1287 382 1313 res
411 1274 623 1328 plurimas
651 1273 884 1329 pessumas,
917 1287 1055 1328 quum
1084 1273 1286 1320 aduenit,
1323 1271 1484 1315 adfert:

173 1348 292 1403 Quas
323 1349 351 1388 fi
386 1359 610 1389 autumem
642 1350 836 1394 omneis,
876 1349 1008 1389 nimis
1048 1349 1202 1403 longus
1234 1347 1370 1388 sermo
1401 1349 1462 1388 fit.

173 1422 259 1463 Sed
289 1423 398 1462 haec
425 1436 494 1463 res
520 1425 634 1464 mihi
665 1424 711 1463 in
739 1432 914 1478 pectore
948 1434 990 1463 et
1015 1423 1144 1463 corde
1177 1423 1283 1464 dura
1313 1421 1383 1470 est,

173 1498 398 1553 Quidnam
424 1501 511 1539 hoc
539 1501 587 1539 fit
616 1501 806 1556 negotii,
842 1499 961 1554 quod
988 1498 1075 1539 filia
1118 1498 1172 1538 fic
1322 1479 1326 1485 ⁵
1635 1509 1686 1537 ιο

170 1573 368 1628 Repente
400 1577 563 1630 expetit
590 1589 685 1622 me,
725 1586 772 1615 vt
799 1575 854 1615 ad
884 1573 967 1616 sese
999 1575 1124 1614 irem.

171 1651 288 1697 Nee,
319 1651 428 1705 quid
448 1651 502 1691 'id
532 1653 600 1698 fit,
637 1652 750 1692 mihi
778 1651 936 1691 certius
964 1649 1082 1698 facit,

174 1725 296 1780 Quid
326 1728 458 1774 velit,
487 1727 593 1782 quid
620 1741 692 1767 me
720 1725 910 1767 arcessat.

171 1801 329 1840 Verum
355 1794 677 1856 propemodum
706 1803 793 1841 iam
824 1800 935 1846 scio,
974 1800 1081 1856 quid
1111 1801 1284 1840 fievrei.

173 1875 316 1916 Credo
349 1891 451 1917 cum
476 1879 571 1917 viro
603 1879 795 1933 litigium
825 1887 977 1917 natum
1010 1877 1090 1916 effe
1119 1874 1307 1931 aliquod.
1636 1887 1684 1924 ις

173 1952 236 1991 Ita
266 1951 392 1991 istaec
420 1953 579 2000 solent,
617 1967 724 2009 quae
758 1954 874 1993 viros
903 1950 1144 1993 subseruire
1248 1932 1250 1940 ,

174 2027 268 2068 Sibi
298 2026 531 2082 postulant,
573 2029 673 2069 dote
701 2026 859 2076 fretae,
899 2027 1077 2068 feroces.

172 2103 231 2142 Et
255 2103 318 2141 illi
350 2116 524 2157 quoque
558 2103 676 2142 haud
709 2104 929 2142 abstinent
959 2101 1084 2155 saepe
1117 2101 1255 2154 culpa.

173 2177 333 2217 Verum
364 2177 421 2218 est
447 2180 604 2220 modus
633 2188 792 2225 tamen,
823 2179 967 2234 quoad
999 2178 1091 2232 pati
1118 2187 1294 2216 vxorem
1322 2182 1506 2228 oportet.

173 2252 266 2292 Nec
292 2254 366 2308 pol
388 2253 475 2293 filia
503 2269 710 2310 vmquam
741 2263 909 2308 patrem
940 2250 1104 2293 arcessit
1132 2248 1267 2296 adse,
1582 2287 1590 2293 ,
1636 2261 1687 2287 20

171 2327 261 2368 Nifi
288 2340 362 2370 aut·
385 2329 490 2384 quid
521 2328 753 2377 commissi,
785 2339 858 2369 aut
885 2329 1016 2382 iurgii
1042 2325 1097 2365 est
1124 2323 1258 2365 causa.

174 2402 259 2442 Sed
287 2405 499 2460 quidquid
534 2405 579 2444 id
611 2405 688 2449 est,
724 2406 811 2444 iam
842 2402 996 2450 sciam3
1037 2412 1162 2456 atque
1192 2410 1339 2439 eccam
1367 2394 1536 2451 eampse

172 2478 283 2519 Ante
315 2481 480 2527 aedeis,
518 2491 561 2520 et
590 2482 684 2520 eius
715 2478 876 2519 tristem
904 2479 1052 2518 virum
1085 2474 1231 2515 video.

176 2553 224 2593 ld
255 2553 334 2601 est,
367 2555 485 2610 quod
515 2554 771 2610 suspicabar.
1625 2599 1628 2606 ,

174 2628 407 2683 Adpellabo
424 2632 550 2672 hanc.
578 2629 678 2670 MV.
698 2630 774 2669 Ibo
793 2625 1036 2668 aduorsum.
1056 2623 1170 2664 salue
1187 2625 1390 2670 multum,
1403 2619 1467 2663 nii
1486 2631 1617 2679 pater.
1634 2635 1682 2674 ις

183 2705 260 2745 δε.
294 2705 420 2745 Salua
454 2708 518 2747 iis.
550 2705 706 2746 saluen'
736 2701 954 2744 aduenio?
986 2698 1142 2740 saluen’
1176 2697 1322 2740 arcessi
1351 2697 1511 2762 iubes-‘l
1562 2701 1571 2707 ‘
