<?xml version="1.0" encoding="UTF-8"?>
<!DOCTYPE html PUBLIC "-//W3C//DTD XHTML 1.0 Transitional//EN"
    "http://www.w3.org/TR/xhtml1/DTD/xhtml1-transitional.dtd">
<html xmlns="http://www.w3.org/1999/xhtml" xml:lang="en" lang="en">
 <head>
  <title>
</title>
<meta http-equiv="Content-Type" content="text/html;charset=utf-8" />
  <meta name='ocr-system' content='tesseract 3.04.00' />
  <meta name='ocr-capabilities' content='ocr_page ocr_carea ocr_par ocr_line ocrx_word'/>
</head>
<body>
  <div class='ocr_page' id='page_1' title='image "./commentariusperp02plauuoft_0850.png"; bbox 0 0 1742 2924; ppageno 0'>
   <div class='ocr_carea' id='block_1_1' title="bbox 171 116 1134 173">
    <p class='ocr_par' dir='ltr' id='par_1_1' title="bbox 171 116 1134 173">
     <span class='ocr_line' id='line_1_1' title="bbox 171 116 1134 173; baseline 0.007 -12"><span class='ocrx_word' id='word_1_1' title='bbox 171 116 270 173; x_wconf 81' lang='lat'>846.</span> <span class='ocrx_word' id='word_1_2' title='bbox 717 131 1134 168; x_wconf 52' lang='lat' dir='ltr'><strong>ravenate-rx</strong></span> 
     </span>
    </p>
   </div>
   <div class='ocr_carea' id='block_1_2' title="bbox 128 236 1742 530">
    <p class='ocr_par' dir='ltr' id='par_1_2' title="bbox 165 236 1685 300">
     <span class='ocr_line' id='line_1_2' title="bbox 165 236 1685 300; baseline 0.004 -17"><span class='ocrx_word' id='word_1_3' title='bbox 165 240 373 298; x_wconf 77' lang='lat' dir='ltr'><strong>Aeraque.</strong></span> <span class='ocrx_word' id='word_1_4' title='bbox 418 244 495 286; x_wconf 80' lang='lat' dir='ltr'><strong>As.</strong></span> <span class='ocrx_word' id='word_1_5' title='bbox 517 238 653 287; x_wconf 85' lang='lat' dir='ltr'><strong>Idem,</strong></span> <span class='ocrx_word' id='word_1_6' title='bbox 673 239 792 294; x_wconf 88' lang='lat' dir='ltr'><strong>quod</strong></span> <span class='ocrx_word' id='word_1_7' title='bbox 820 249 871 280; x_wconf 90' lang='lat' dir='ltr'><strong>tu</strong></span> <span class='ocrx_word' id='word_1_8' title='bbox 889 236 1009 287; x_wconf 73' lang='lat' dir='ltr'><strong>facis,</strong></span> <span class='ocrx_word' id='word_1_9' title='bbox 1031 237 1201 282; x_wconf 79' lang='lat' dir='ltr'><strong>faciunt</strong></span> <span class='ocrx_word' id='word_1_10' title='bbox 1223 239 1286 283; x_wconf 85' lang='lat' dir='ltr'><strong>rei</strong></span> <span class='ocrx_word' id='word_1_11' title='bbox 1311 243 1423 284; x_wconf 78' lang='lat' dir='ltr'><strong>male</strong></span> <span class='ocrx_word' id='word_1_12' title='bbox 1449 246 1645 300; x_wconf 58' lang='lat' dir='ltr'><strong>gel-entes</strong></span> <span class='ocrx_word' id='word_1_13' title='bbox 1657 257 1685 294; x_wconf 66' lang='grc' dir='ltr'><strong>ε,</strong></span> 
     </span>
    </p>

    <p class='ocr_par' dir='ltr' id='par_1_3' title="bbox 128 312 1742 530">
     <span class='ocr_line' id='line_1_3' title="bbox 128 312 1742 381; baseline 0.005 -24"><span class='ocrx_word' id='word_1_14' title='bbox 128 355 132 362; x_wconf 25' lang='lat' dir='ltr'>x</span> <span class='ocrx_word' id='word_1_15' title='bbox 164 315 249 357; x_wconf 87' lang='lat' dir='ltr'><strong>Vbi</strong></span> <span class='ocrx_word' id='word_1_16' title='bbox 278 330 369 358; x_wconf 89' lang='lat' dir='ltr'><strong>non</strong></span> <span class='ocrx_word' id='word_1_17' title='bbox 403 312 755 372; x_wconf 82' lang='lat' dir='ltr'><strong>est,1&#39;cripturam</strong></span> <span class='ocrx_word' id='word_1_18' title='bbox 780 315 900 356; x_wconf 81' lang='lat' dir='ltr'><strong>vnde</strong></span> <span class='ocrx_word' id='word_1_19' title='bbox 922 316 1041 364; x_wconf 87' lang='lat' dir='ltr'><strong>dent,</strong></span> <span class='ocrx_word' id='word_1_20' title='bbox 1069 314 1268 360; x_wconf 80' lang='lat' dir='ltr'>incusant</span> <span class='ocrx_word' id='word_1_21' title='bbox 1289 319 1559 374; x_wconf 76' lang='lat' dir='ltr'><strong>publicanos.</strong></span> <span class='ocrx_word' id='word_1_22' title='bbox 1734 368 1742 381; x_wconf 36' lang='lat' dir='ltr'>f</span> 
     </span>
     <span class='ocr_line' id='line_1_4' title="bbox 165 377 1742 451; baseline 0.002 -15"><span class='ocrx_word' id='word_1_23' title='bbox 165 395 257 436; x_wconf 80' lang='lat' dir='ltr'><strong>Dr.</strong></span> <span class='ocrx_word' id='word_1_24' title='bbox 275 394 392 433; x_wconf 88' lang='lat' dir='ltr'><strong>Male</strong></span> <span class='ocrx_word' id='word_1_25' title='bbox 411 394 544 435; x_wconf 81' lang='lat' dir='ltr'>vortit</span> <span class='ocrx_word' id='word_1_26' title='bbox 561 405 629 434; x_wconf 85' lang='lat' dir='ltr'><strong>res</strong></span> <span class='ocrx_word' id='word_1_27' title='bbox 646 390 845 448; x_wconf 82' lang='lat' dir='ltr'>pecuaria</span> <span class='ocrx_word' id='word_1_28' title='bbox 869 389 983 433; x_wconf 82' lang='lat' dir='ltr'><strong>mihi</strong></span> <span class='ocrx_word' id='word_1_29' title='bbox 1005 393 1119 449; x_wconf 80' lang='lat' dir='ltr'><strong>apud</strong></span> <span class='ocrx_word' id='word_1_30' title='bbox 1136 407 1238 435; x_wconf 77' lang='lat' dir='ltr'><strong>vos:</strong></span> <span class='ocrx_word' id='word_1_31' title='bbox 1264 407 1384 435; x_wconf 88' lang='lat' dir='ltr'><strong>nunc</strong></span> <span class='ocrx_word' id='word_1_32' title='bbox 1401 393 1583 439; x_wconf 80' lang='lat' dir='ltr'><strong>vicissim</strong></span> <span class='ocrx_word' id='word_1_33' title='bbox 1614 411 1666 451; x_wconf 76' lang='grc' dir='ltr'><strong>4ς</strong></span> <span class='ocrx_word' id='word_1_34' title='bbox 1696 377 1742 439; x_wconf 75' lang='lat'><strong>‘.&#39;</strong></span> 
     </span>
     <span class='ocr_line' id='line_1_5' title="bbox 163 465 1742 530; baseline 0.001 -20"><span class='ocrx_word' id='word_1_35' title='bbox 163 471 269 512; x_wconf 89' lang='lat' dir='ltr'>Volo</span> <span class='ocrx_word' id='word_1_36' title='bbox 301 470 460 510; x_wconf 84' lang='lat' dir='ltr'><strong>habere</strong></span> <span class='ocrx_word' id='word_1_37' title='bbox 487 465 820 509; x_wconf 87' lang='lat' dir='ltr'><strong>aratiunculam</strong></span> <span class='ocrx_word' id='word_1_38' title='bbox 828 481 906 521; x_wconf 87' lang='lat' dir='ltr'><strong>pro</strong></span> <span class='ocrx_word' id='word_1_39' title='bbox 937 465 1061 522; x_wconf 90' lang='lat' dir='ltr'><strong>copia</strong></span> <span class='ocrx_word' id='word_1_40' title='bbox 1086 466 1160 510; x_wconf 87' lang='lat' dir='ltr'><strong>hic</strong></span> <span class='ocrx_word' id='word_1_41' title='bbox 1188 469 1305 525; x_wconf 86' lang='lat' dir='ltr'><strong>apud</strong></span> <span class='ocrx_word' id='word_1_42' title='bbox 1333 484 1425 512; x_wconf 81' lang='lat' dir='ltr'><strong>vos.</strong></span> <span class='ocrx_word' id='word_1_43' title='bbox 1732 483 1742 530; x_wconf 93' lang='lat'><em>5</em></span> 
     </span>
    </p>
   </div>
   <div class='ocr_carea' id='block_1_3' title="bbox 161 540 1742 797">
    <p class='ocr_par' dir='ltr' id='par_1_4' title="bbox 161 534 1742 767">
     <span class='ocr_line' id='line_1_6' title="bbox 165 540 1742 616; baseline -0.001 -26"><span class='ocrx_word' id='word_1_44' title='bbox 165 552 246 590; x_wconf 72' lang='lat' dir='ltr'><strong>As.</strong></span> <span class='ocrx_word' id='word_1_45' title='bbox 273 546 376 589; x_wconf 88' lang='lat' dir='ltr'><strong>Non</strong></span> <span class='ocrx_word' id='word_1_46' title='bbox 406 557 534 585; x_wconf 83' lang='lat' dir='ltr'><strong>aruus</strong></span> <span class='ocrx_word' id='word_1_47' title='bbox 562 540 657 591; x_wconf 85' lang='lat' dir='ltr'><strong>hic,</strong></span> <span class='ocrx_word' id='word_1_48' title='bbox 689 543 758 610; x_wconf 49' lang='lat' dir='ltr'><strong>[erl</strong></span> <span class='ocrx_word' id='word_1_49' title='bbox 782 542 963 598; x_wconf 77' lang='lat' dir='ltr'><strong>pascuus</strong></span> <span class='ocrx_word' id='word_1_50' title='bbox 990 542 1047 583; x_wconf 89' lang='lat' dir='ltr'><strong>est</strong></span> <span class='ocrx_word' id='word_1_51' title='bbox 1076 557 1190 600; x_wconf 83' lang='lat' dir='ltr'><strong>ager</strong></span> <span class='ocrx_word' id='word_1_52' title='bbox 1220 546 1249 585; x_wconf 86' lang='lat' dir='ltr'><strong>fi</strong></span> <span class='ocrx_word' id='word_1_53' title='bbox 1281 545 1491 591; x_wconf 70' lang='lat' dir='ltr'><strong>arationes</strong></span> <span class='ocrx_word' id='word_1_54' title='bbox 1731 548 1742 616; x_wconf 59' lang='grc' dir='ltr'><em>ξ</em></span> 
     </span>
     <span class='ocr_line' id='line_1_7' title="bbox 161 617 1742 719; baseline -0.008 -53"><span class='ocrx_word' id='word_1_55' title='bbox 161 620 409 670; x_wconf 75' lang='lat' dir='ltr'><strong>Habituris‚</strong></span> <span class='ocrx_word' id='word_1_56' title='bbox 439 618 516 676; x_wconf 79' lang='lat' dir='ltr'><strong>qui</strong></span> <span class='ocrx_word' id='word_1_57' title='bbox 546 618 651 659; x_wconf 85' lang='lat' dir='ltr'><strong>arari</strong></span> <span class='ocrx_word' id='word_1_58' title='bbox 679 617 843 666; x_wconf 77' lang='lat' dir='ltr'><strong>solent,</strong></span> <span class='ocrx_word' id='word_1_59' title='bbox 872 619 927 659; x_wconf 87' lang='lat' dir='ltr'><strong>ad</strong></span> <span class='ocrx_word' id='word_1_60' title='bbox 952 632 1106 674; x_wconf 88' lang='lat' dir='ltr'><strong>pueros</strong></span> <span class='ocrx_word' id='word_1_61' title='bbox 1134 618 1196 661; x_wconf 82' lang='lat' dir='ltr'><strong>ire</strong></span> <span class='ocrx_word' id='word_1_62' title='bbox 1221 621 1389 666; x_wconf 87' lang='lat' dir='ltr'><strong>melius.</strong></span> <span class='ocrx_word' id='word_1_63' title='bbox 1570 631 1579 634; x_wconf 68' lang='grc'><em>”</em></span> <span class='ocrx_word' id='word_1_64' title='bbox 1731 631 1742 719; x_wconf 40' lang='grc' dir='ltr'><strong>ἦε</strong></span> 
     </span>
     <span class='ocr_line' id='line_1_8' title="bbox 162 692 1742 767; baseline -0.001 -27"><span class='ocrx_word' id='word_1_65' title='bbox 162 701 295 740; x_wconf 90' lang='lat' dir='ltr'><strong>Hunc</strong></span> <span class='ocrx_word' id='word_1_66' title='bbox 323 711 404 739; x_wconf 87' lang='lat' dir='ltr'><strong>nos</strong></span> <span class='ocrx_word' id='word_1_67' title='bbox 437 696 647 736; x_wconf 77' lang='lat' dir='ltr'><strong>habemus</strong></span> <span class='ocrx_word' id='word_1_68' title='bbox 676 692 927 749; x_wconf 84' lang='lat' dir='ltr'><strong>publicum:</strong></span> <span class='ocrx_word' id='word_1_69' title='bbox 959 694 1025 736; x_wconf 87' lang='lat' dir='ltr'><strong>illi</strong></span> <span class='ocrx_word' id='word_1_70' title='bbox 1054 695 1127 736; x_wconf 84' lang='lat' dir='ltr'><strong>alii</strong></span> <span class='ocrx_word' id='word_1_71' title='bbox 1152 696 1253 738; x_wconf 83' lang='lat' dir='ltr'><strong>sunt</strong></span> <span class='ocrx_word' id='word_1_72' title='bbox 1278 700 1513 756; x_wconf 84' lang='lat' dir='ltr'><strong>publicani.</strong></span> <span class='ocrx_word' id='word_1_73' title='bbox 1735 721 1742 767; x_wconf 53' lang='grc'>1</span> 
     </span>
    </p>

    <p class='ocr_par' dir='ltr' id='par_1_5' title="bbox 1732 770 1742 797">
     <span class='ocr_line' id='line_1_9' title="bbox 1732 770 1742 797; baseline 0 0"><span class='ocrx_word' id='word_1_74' title='bbox 1732 770 1742 797; x_wconf 66' lang='grc' dir='ltr'><strong>ε</strong></span> 
     </span>
    </p>
   </div>
   <div class='ocr_carea' id='block_1_4' title="bbox 152 769 1742 1133">
    <p class='ocr_par' dir='ltr' id='par_1_6' title="bbox 152 769 1742 1065">
     <span class='ocr_line' id='line_1_10' title="bbox 161 769 1742 833; baseline 0.005 -16"><span class='ocrx_word' id='word_1_75' title='bbox 161 779 250 821; x_wconf 78' lang='lat' dir='ltr'><strong>Dr.</strong></span> <span class='ocrx_word' id='word_1_76' title='bbox 263 778 473 830; x_wconf 81' lang='lat' dir='ltr'><strong>Vtrosque</strong></span> <span class='ocrx_word' id='word_1_77' title='bbox 490 769 758 827; x_wconf 84' lang='lat' dir='ltr'><strong>percognoui</strong></span> <span class='ocrx_word' id='word_1_78' title='bbox 772 770 1032 815; x_wconf 81' lang='lat' dir='ltr'><strong>vtrobidem.</strong></span> <span class='ocrx_word' id='word_1_79' title='bbox 1055 775 1255 818; x_wconf 77' lang='lat' dir='ltr'>As.1stoc</span> <span class='ocrx_word' id='word_1_80' title='bbox 1269 777 1343 832; x_wconf 85' lang='lat' dir='ltr'><strong>pol</strong></span> <span class='ocrx_word' id='word_1_81' title='bbox 1358 787 1407 817; x_wconf 90' lang='lat' dir='ltr'><strong>tu</strong></span> <span class='ocrx_word' id='word_1_82' title='bbox 1421 777 1594 830; x_wconf 74' lang='lat' dir='ltr'><strong>otiosus,</strong></span> <span class='ocrx_word' id='word_1_83' title='bbox 1615 796 1667 832; x_wconf 87' lang='grc' dir='ltr'><strong>ςο</strong></span> <span class='ocrx_word' id='word_1_84' title='bbox 1736 806 1742 833; x_wconf 87' lang='lat'><strong>:·</strong></span> 
     </span>
     <span class='ocr_line' id='line_1_11' title="bbox 159 846 1667 911; baseline 0.003 -16"><span class='ocrx_word' id='word_1_85' title='bbox 159 856 312 911; x_wconf 80' lang='lat' dir='ltr'><strong>Quum</strong></span> <span class='ocrx_word' id='word_1_86' title='bbox 327 864 370 893; x_wconf 86' lang='lat' dir='ltr'><strong>et</strong></span> <span class='ocrx_word' id='word_1_87' title='bbox 386 848 476 892; x_wconf 88' lang='lat' dir='ltr'><strong>illic</strong></span> <span class='ocrx_word' id='word_1_88' title='bbox 492 858 534 890; x_wconf 91' lang='lat' dir='ltr'><strong>et</strong></span> <span class='ocrx_word' id='word_1_89' title='bbox 550 846 624 889; x_wconf 91' lang='lat' dir='ltr'><strong>hic</strong></span> <span class='ocrx_word' id='word_1_90' title='bbox 642 848 870 905; x_wconf 85' lang='lat' dir='ltr'><strong>peruorsus</strong></span> <span class='ocrx_word' id='word_1_91' title='bbox 886 864 944 891; x_wconf 78' lang='lat' dir='ltr'><strong>es.</strong></span> <span class='ocrx_word' id='word_1_92' title='bbox 963 849 1036 892; x_wconf 84' lang='lat' dir='ltr'><strong>sed</strong></span> <span class='ocrx_word' id='word_1_93' title='bbox 1050 850 1155 893; x_wconf 82' lang='lat' dir='ltr'><strong>vtris</strong></span> <span class='ocrx_word' id='word_1_94' title='bbox 1175 866 1277 894; x_wconf 87' lang='lat' dir='ltr'><strong>cum</strong></span> <span class='ocrx_word' id='word_1_95' title='bbox 1291 864 1384 893; x_wconf 83' lang='lat' dir='ltr'><strong>rem</strong></span> <span class='ocrx_word' id='word_1_96' title='bbox 1401 853 1482 895; x_wconf 80' lang='lat' dir='ltr'><strong>ess&#39;e</strong></span> <span class='ocrx_word' id='word_1_97' title='bbox 1493 858 1632 899; x_wconf 79' lang='lat' dir='ltr'><strong>mauis</strong></span> <span class='ocrx_word' id='word_1_98' title='bbox 1643 858 1667 899; x_wconf 72' lang='lat'><strong>⁴2</strong></span> 
     </span>
     <span class='ocr_line' id='line_1_12' title="bbox 152 920 1742 983; baseline 0.004 -14"><span class='ocrx_word' id='word_1_99' title='bbox 152 934 250 976; x_wconf 72' lang='lat' dir='ltr'><strong>Dr.</strong></span> <span class='ocrx_word' id='word_1_100' title='bbox 281 925 554 974; x_wconf 77' lang='lat' dir='ltr'>Procaciores</span> <span class='ocrx_word' id='word_1_101' title='bbox 588 923 682 966; x_wconf 84' lang='lat' dir='ltr'><strong>estis</strong></span> <span class='ocrx_word' id='word_1_102' title='bbox 714 937 808 972; x_wconf 82' lang='lat' dir='ltr'>vos,</span> <span class='ocrx_word' id='word_1_103' title='bbox 839 925 912 966; x_wconf 82' lang='lat' dir='ltr'><strong>sed</strong></span> <span class='ocrx_word' id='word_1_104' title='bbox 936 924 1000 966; x_wconf 84' lang='lat' dir='ltr'><strong>illi</strong></span> <span class='ocrx_word' id='word_1_105' title='bbox 1030 925 1267 983; x_wconf 84' lang='lat' dir='ltr'><strong>periuriofi.</strong></span> <span class='ocrx_word' id='word_1_106' title='bbox 1738 920 1742 931; x_wconf 56' lang='lat'>¹</span> 
     </span>
     <span class='ocr_line' id='line_1_13' title="bbox 156 999 1608 1065; baseline 0.003 -16"><span class='ocrx_word' id='word_1_107' title='bbox 156 1005 247 1050; x_wconf 83' lang='lat' dir='ltr'><strong>Illis</strong></span> <span class='ocrx_word' id='word_1_108' title='bbox 278 1003 407 1061; x_wconf 82' lang='lat' dir='ltr'><strong>perit,</strong></span> <span class='ocrx_word' id='word_1_109' title='bbox 438 999 653 1059; x_wconf 86' lang='lat' dir='ltr'><strong>quidquid</strong></span> <span class='ocrx_word' id='word_1_110' title='bbox 683 1001 823 1048; x_wconf 84' lang='lat' dir='ltr'><strong>datur,</strong></span> <span class='ocrx_word' id='word_1_111' title='bbox 854 1014 995 1056; x_wconf 88' lang='lat' dir='ltr'><strong>neque</strong></span> <span class='ocrx_word' id='word_1_112' title='bbox 1026 1002 1123 1059; x_wconf 83' lang='lat' dir='ltr'><strong>ipfis</strong></span> <span class='ocrx_word' id='word_1_113' title='bbox 1151 1003 1325 1059; x_wconf 84' lang='lat' dir='ltr'>adparet</span> <span class='ocrx_word' id='word_1_114' title='bbox 1354 1006 1608 1065; x_wconf 83' lang='lat' dir='ltr'><strong>quidquam.</strong></span> 
     </span>
    </p>

    <p class='ocr_par' dir='ltr' id='par_1_7' title="bbox 155 1073 1442 1133">
     <span class='ocr_line' id='line_1_14' title="bbox 155 1073 1442 1133; baseline 0 -9"><span class='ocrx_word' id='word_1_115' title='bbox 155 1085 243 1124; x_wconf 85' lang='lat' dir='ltr'><strong>Vos</strong></span> <span class='ocrx_word' id='word_1_116' title='bbox 273 1081 432 1126; x_wconf 78' lang='lat' dir='ltr'><strong>saltem,</strong></span> <span class='ocrx_word' id='word_1_117' title='bbox 463 1079 490 1117; x_wconf 86' lang='lat' dir='ltr'><strong>fi</strong></span> <span class='ocrx_word' id='word_1_118' title='bbox 520 1075 627 1133; x_wconf 87' lang='lat' dir='ltr'><strong>quid</strong></span> <span class='ocrx_word' id='word_1_119' title='bbox 657 1073 875 1132; x_wconf 80' lang='lat' dir='ltr'><strong>quaeritiS,</strong></span> <span class='ocrx_word' id='word_1_120' title='bbox 907 1088 951 1118; x_wconf 82' lang='lat' dir='ltr'><strong>et</strong></span> <span class='ocrx_word' id='word_1_121' title='bbox 978 1077 1126 1121; x_wconf 74' lang='lat' dir='ltr'><strong>bibitis</strong></span> <span class='ocrx_word' id='word_1_122' title='bbox 1157 1091 1203 1122; x_wconf 85' lang='lat' dir='ltr'><strong>et</strong></span> <span class='ocrx_word' id='word_1_123' title='bbox 1231 1082 1442 1126; x_wconf 74' lang='lat' dir='ltr'><strong>comestis.</strong></span> 
     </span>
    </p>
   </div>
   <div class='ocr_carea' id='block_1_5' title="bbox 152 1092 1742 1523">
    <p class='ocr_par' dir='ltr' id='par_1_8' title="bbox 154 1092 1742 1386">
     <span class='ocr_line' id='line_1_15' title="bbox 1736 1092 1742 1119; baseline 0 0"><span class='ocrx_word' id='word_1_124' title='bbox 1736 1092 1742 1119; x_wconf 69' lang='grc'><strong>4</strong></span> 
     </span>
     <span class='ocr_line' id='line_1_16' title="bbox 156 1139 1742 1222; baseline 0.001 -21"><span class='ocrx_word' id='word_1_125' title='bbox 156 1159 373 1203; x_wconf 87' lang='lat' dir='ltr'><strong>Postremo</strong></span> <span class='ocrx_word' id='word_1_126' title='bbox 406 1154 471 1195; x_wconf 84' lang='lat' dir='ltr'><strong>illi</strong></span> <span class='ocrx_word' id='word_1_127' title='bbox 502 1154 602 1196; x_wconf 82' lang='lat' dir='ltr'><strong>sunt</strong></span> <span class='ocrx_word' id='word_1_128' title='bbox 630 1152 826 1208; x_wconf 89' lang='lat' dir='ltr'><strong>inprobi,</strong></span> <span class='ocrx_word' id='word_1_129' title='bbox 870 1168 950 1195; x_wconf 80' lang='lat' dir='ltr'><strong>vos</strong></span> <span class='ocrx_word' id='word_1_130' title='bbox 985 1169 1174 1212; x_wconf 82' lang='lat' dir='ltr'>nequam</span> <span class='ocrx_word' id='word_1_131' title='bbox 1204 1165 1247 1195; x_wconf 89' lang='lat' dir='ltr'><strong>et</strong></span> <span class='ocrx_word' id='word_1_132' title='bbox 1276 1157 1482 1213; x_wconf 77' lang='lat' dir='ltr'>gloriosae</span> <span class='ocrx_word' id='word_1_133' title='bbox 1593 1139 1662 1213; x_wconf 33' lang='lat'><strong>&#39;55</strong></span> <span class='ocrx_word' id='word_1_134' title='bbox 1716 1141 1742 1222; x_wconf 43' lang='grc' dir='ltr'><strong>Αἰ</strong></span> 
     </span>
     <span class='ocr_line' id='line_1_17' title="bbox 154 1227 1742 1309; baseline 0.004 -34"><span class='ocrx_word' id='word_1_135' title='bbox 154 1235 400 1289; x_wconf 87' lang='lat' dir='ltr'><strong>Malaeque.</strong></span> <span class='ocrx_word' id='word_1_136' title='bbox 461 1235 538 1273; x_wconf 85' lang='lat' dir='ltr'><strong>As.</strong></span> <span class='ocrx_word' id='word_1_137' title='bbox 572 1230 697 1286; x_wconf 86' lang='lat' dir='ltr'><strong>Quae</strong></span> <span class='ocrx_word' id='word_1_138' title='bbox 729 1227 776 1269; x_wconf 89' lang='lat' dir='ltr'><strong>in</strong></span> <span class='ocrx_word' id='word_1_139' title='bbox 806 1242 887 1270; x_wconf 81' lang='lat' dir='ltr'><strong>nos</strong></span> <span class='ocrx_word' id='word_1_140' title='bbox 922 1227 1129 1286; x_wconf 88' lang='lat' dir='ltr'><strong>illosque,</strong></span> <span class='ocrx_word' id='word_1_141' title='bbox 1171 1244 1221 1271; x_wconf 86' lang='lat' dir='ltr'><strong>ea</strong></span> <span class='ocrx_word' id='word_1_142' title='bbox 1253 1233 1401 1275; x_wconf 71' lang='lat' dir='ltr'><strong>o‘mnia</strong></span> <span class='ocrx_word' id='word_1_143' title='bbox 1430 1235 1510 1277; x_wconf 76' lang='lat' dir='ltr'><strong>tibi</strong></span> <span class='ocrx_word' id='word_1_144' title='bbox 1539 1236 1665 1287; x_wconf 79' lang='lat' dir='ltr'><strong>dicis,</strong></span> <span class='ocrx_word' id='word_1_145' title='bbox 1733 1227 1742 1309; x_wconf 46' lang='grc' dir='ltr'><strong>ξ</strong></span> 
     </span>
     <span class='ocr_line' id='line_1_18' title="bbox 1040 1303 1742 1386; baseline 0.011 -42"><span class='ocrx_word' id='word_1_146' title='bbox 1040 1303 1276 1354; x_wconf 82' lang='lat' dir='ltr'><strong>Dinarche,</strong></span> <span class='ocrx_word' id='word_1_147' title='bbox 1734 1322 1742 1386; x_wconf 55' lang='grc' dir='ltr'><strong>ἱ</strong></span> 
     </span>
    </p>

    <p class='ocr_par' dir='ltr' id='par_1_9' title="bbox 152 1378 1742 1523">
     <span class='ocr_line' id='line_1_19' title="bbox 152 1378 1664 1435; baseline -0.003 -7"><span class='ocrx_word' id='word_1_148' title='bbox 152 1389 211 1429; x_wconf 85' lang='lat' dir='ltr'><strong>Et</strong></span> <span class='ocrx_word' id='word_1_149' title='bbox 243 1385 430 1428; x_wconf 86' lang='lat' dir='ltr'><strong>nostram</strong></span> <span class='ocrx_word' id='word_1_150' title='bbox 462 1392 506 1423; x_wconf 85' lang='lat' dir='ltr'><strong>et</strong></span> <span class='ocrx_word' id='word_1_151' title='bbox 543 1379 717 1422; x_wconf 88' lang='lat' dir='ltr'><strong>illorum</strong></span> <span class='ocrx_word' id='word_1_152' title='bbox 748 1378 905 1421; x_wconf 84' lang='lat' dir='ltr'><strong>vicem.</strong></span> <span class='ocrx_word' id='word_1_153' title='bbox 963 1381 1053 1421; x_wconf 75' lang='lat' dir='ltr'><strong>Dr.</strong></span> <span class='ocrx_word' id='word_1_154' title='bbox 1089 1379 1178 1435; x_wconf 81' lang='lat' dir='ltr'><strong>Qui</strong></span> <span class='ocrx_word' id='word_1_155' title='bbox 1209 1380 1348 1424; x_wconf 71' lang='lat' dir='ltr'><strong>istuc?</strong></span> <span class='ocrx_word' id='word_1_156' title='bbox 1404 1394 1481 1428; x_wconf 70' lang='lat' dir='ltr'><strong>As.</strong></span> <span class='ocrx_word' id='word_1_157' title='bbox 1517 1388 1664 1432; x_wconf 82' lang='lat' dir='ltr'>Ratio-</span> 
     </span>
     <span class='ocr_line' id='line_1_20' title="bbox 1041 1457 1742 1523; baseline 0.004 -28"><span class='ocrx_word' id='word_1_158' title='bbox 1041 1470 1144 1496; x_wconf 88' lang='lat' dir='ltr'><strong>nem</strong></span> <span class='ocrx_word' id='word_1_159' title='bbox 1182 1457 1348 1500; x_wconf 83' lang='lat' dir='ltr'><strong>dicam:</strong></span> <span class='ocrx_word' id='word_1_160' title='bbox 1724 1470 1742 1523; x_wconf 51' lang='lat'><strong>{⁴</strong></span> 
     </span>
    </p>
   </div>
   <div class='ocr_carea' id='block_1_6' title="bbox 153 1527 1742 1811">
    <p class='ocr_par' dir='ltr' id='par_1_10' title="bbox 156 1527 1742 1597">
     <span class='ocr_line' id='line_1_21' title="bbox 156 1527 1742 1597; baseline 0.003 -20"><span class='ocrx_word' id='word_1_161' title='bbox 156 1537 286 1597; x_wconf 85' lang='lat' dir='ltr'><strong>Quia,</strong></span> <span class='ocrx_word' id='word_1_162' title='bbox 302 1535 375 1594; x_wconf 88' lang='lat' dir='ltr'><strong>qui</strong></span> <span class='ocrx_word' id='word_1_163' title='bbox 396 1537 580 1576; x_wconf 82' lang='lat' dir='ltr'><strong>alterum</strong></span> <span class='ocrx_word' id='word_1_164' title='bbox 593 1527 761 1569; x_wconf 82' lang='lat' dir='ltr'><strong>incurat</strong></span> <span class='ocrx_word' id='word_1_165' title='bbox 777 1527 937 1584; x_wconf 85' lang='lat' dir='ltr'>probri,</span> <span class='ocrx_word' id='word_1_166' title='bbox 951 1544 1052 1573; x_wconf 90' lang='lat' dir='ltr'><strong>eum</strong></span> <span class='ocrx_word' id='word_1_167' title='bbox 1068 1529 1211 1587; x_wconf 83' lang='lat' dir='ltr'><strong>ipsum</strong></span> <span class='ocrx_word' id='word_1_168' title='bbox 1227 1532 1268 1573; x_wconf 84' lang='lat' dir='ltr'><strong>se</strong></span> <span class='ocrx_word' id='word_1_169' title='bbox 1291 1529 1453 1574; x_wconf 85' lang='lat' dir='ltr'><strong>intueri</strong></span> <span class='ocrx_word' id='word_1_170' title='bbox 1474 1549 1660 1592; x_wconf 83' lang='lat' dir='ltr'><strong>oportet.</strong></span> <span class='ocrx_word' id='word_1_171' title='bbox 1733 1556 1742 1593; x_wconf 52' lang='grc' dir='ltr'><strong>ε·</strong></span> 
     </span>
    </p>

    <p class='ocr_par' dir='ltr' id='par_1_11' title="bbox 153 1602 1742 1682">
     <span class='ocr_line' id='line_1_22' title="bbox 153 1602 1742 1682; baseline -0.001 -26"><span class='ocrx_word' id='word_1_172' title='bbox 153 1617 228 1656; x_wconf 91' lang='lat' dir='ltr'><strong>Tu</strong></span> <span class='ocrx_word' id='word_1_173' title='bbox 248 1628 270 1654; x_wconf 91' lang='lat' dir='ltr'><strong>a</strong></span> <span class='ocrx_word' id='word_1_174' title='bbox 287 1608 431 1656; x_wconf 81' lang='lat' dir='ltr'><strong>nobis,</strong></span> <span class='ocrx_word' id='word_1_175' title='bbox 448 1606 630 1664; x_wconf 82' lang='lat' dir='ltr'><strong>sapiens,</strong></span> <span class='ocrx_word' id='word_1_176' title='bbox 650 1602 762 1644; x_wconf 86' lang='lat' dir='ltr'><strong>nibil</strong></span> <span class='ocrx_word' id='word_1_177' title='bbox 783 1605 936 1644; x_wconf 91' lang='lat' dir='ltr'><strong>habes:</strong></span> <span class='ocrx_word' id='word_1_178' title='bbox 970 1618 1050 1645; x_wconf 88' lang='lat' dir='ltr'><strong>nos</strong></span> <span class='ocrx_word' id='word_1_179' title='bbox 1067 1612 1256 1661; x_wconf 82' lang='lat' dir='ltr'><strong>nequam</strong></span> <span class='ocrx_word' id='word_1_180' title='bbox 1277 1608 1351 1649; x_wconf 74' lang='lat' dir='ltr'><strong>aba</strong></span> <span class='ocrx_word' id='word_1_181' title='bbox 1369 1620 1412 1674; x_wconf 86' lang='lat' dir='ltr'><strong>te</strong></span> <span class='ocrx_word' id='word_1_182' title='bbox 1431 1611 1659 1664; x_wconf 72' lang='lat' dir='ltr'><strong>habemus,</strong></span> <span class='ocrx_word' id='word_1_183' title='bbox 1717 1606 1742 1682; x_wconf 46' lang='lat' dir='ltr'>j</span> 
     </span>
    </p>

    <p class='ocr_par' dir='ltr' id='par_1_12' title="bbox 153 1677 1742 1811">
     <span class='ocr_line' id='line_1_23' title="bbox 153 1677 1742 1740; baseline -0.007 -7"><span class='ocrx_word' id='word_1_184' title='bbox 153 1691 243 1734; x_wconf 77' lang='lat' dir='ltr'><strong>Dz.</strong></span> <span class='ocrx_word' id='word_1_185' title='bbox 275 1688 312 1730; x_wconf 91' lang='lat' dir='ltr'>O</span> <span class='ocrx_word' id='word_1_186' title='bbox 345 1681 617 1740; x_wconf 84' lang='lat' dir='ltr'><strong>Astaphium,</strong></span> <span class='ocrx_word' id='word_1_187' title='bbox 653 1679 770 1720; x_wconf 82' lang='lat' dir='ltr'><strong>haud</strong></span> <span class='ocrx_word' id='word_1_188' title='bbox 806 1677 909 1720; x_wconf 87' lang='lat' dir='ltr'><strong>istoc</strong></span> <span class='ocrx_word' id='word_1_189' title='bbox 947 1680 1079 1721; x_wconf 88' lang='lat' dir='ltr'><strong>modo</strong></span> <span class='ocrx_word' id='word_1_190' title='bbox 1117 1679 1243 1722; x_wconf 80' lang='lat' dir='ltr'><strong>solita</strong></span> <span class='ocrx_word' id='word_1_191' title='bbox 1281 1698 1327 1725; x_wconf 71' lang='lat' dir='ltr'><strong>ea</strong></span> <span class='ocrx_word' id='word_1_192' title='bbox 1355 1699 1428 1728; x_wconf 85' lang='lat' dir='ltr'><strong>me</strong></span> <span class='ocrx_word' id='word_1_193' title='bbox 1457 1698 1556 1729; x_wconf 86' lang='lat' dir='ltr'><strong>ante</strong></span> <span class='ocrx_word' id='word_1_194' title='bbox 1589 1693 1661 1732; x_wconf 82' lang='lat' dir='ltr'><strong>ad-</strong></span> <span class='ocrx_word' id='word_1_195' title='bbox 1739 1711 1742 1722; x_wconf 78' lang='grc'><strong>.</strong></span> 
     </span>
     <span class='ocr_line' id='line_1_24' title="bbox 1038 1757 1659 1811; baseline -0.002 -14"><span class='ocrx_word' id='word_1_196' title='bbox 1038 1757 1211 1811; x_wconf 77' lang='lat' dir='ltr'><strong>penate,</strong></span> <span class='ocrx_word' id='word_1_197' title='bbox 1604 1768 1659 1808; x_wconf 82' lang='lat'><strong>60</strong></span> 
     </span>
    </p>
   </div>
   <div class='ocr_carea' id='block_1_7' title="bbox 96 1834 1742 1945">
    <p class='ocr_par' dir='ltr' id='par_1_13' title="bbox 96 1834 1742 1945">
     <span class='ocr_line' id='line_1_25' title="bbox 96 1834 1742 1897; baseline 0.001 -14"><span class='ocrx_word' id='word_1_198' title='bbox 96 1881 99 1883; x_wconf 83' lang='lat'>.</span> <span class='ocrx_word' id='word_1_199' title='bbox 151 1844 239 1886; x_wconf 85' lang='lat' dir='ltr'><strong>Sed</strong></span> <span class='ocrx_word' id='word_1_200' title='bbox 263 1841 443 1883; x_wconf 82' lang='lat' dir='ltr'><strong>blande:</strong></span> <span class='ocrx_word' id='word_1_201' title='bbox 483 1852 618 1897; x_wconf 89' lang='lat' dir='ltr'><strong>quum</strong></span> <span class='ocrx_word' id='word_1_202' title='bbox 644 1836 772 1884; x_wconf 86' lang='lat' dir='ltr'><strong>illuc,</strong></span> <span class='ocrx_word' id='word_1_203' title='bbox 806 1835 924 1892; x_wconf 87' lang='lat' dir='ltr'><strong>quod</strong></span> <span class='ocrx_word' id='word_1_204' title='bbox 949 1834 1063 1890; x_wconf 85' lang='lat' dir='ltr'><strong>apud</strong></span> <span class='ocrx_word' id='word_1_205' title='bbox 1089 1847 1173 1875; x_wconf 85' lang='lat' dir='ltr'><strong>vos·</strong></span> <span class='ocrx_word' id='word_1_206' title='bbox 1195 1848 1316 1876; x_wconf 88' lang='lat' dir='ltr'><strong>nunc</strong></span> <span class='ocrx_word' id='word_1_207' title='bbox 1340 1835 1409 1886; x_wconf 87' lang='lat' dir='ltr'><strong>est,</strong></span> <span class='ocrx_word' id='word_1_208' title='bbox 1439 1842 1560 1896; x_wconf 84' lang='lat' dir='ltr'><strong>apud</strong></span> <span class='ocrx_word' id='word_1_209' title='bbox 1586 1857 1661 1887; x_wconf 80' lang='lat' dir='ltr'><strong>me</strong></span> <span class='ocrx_word' id='word_1_210' title='bbox 1737 1851 1742 1858; x_wconf 80' lang='grc'>’</span> 
     </span>
     <span class='ocr_line' id='line_1_26' title="bbox 1031 1904 1249 1945; baseline 0.009 -2"><span class='ocrx_word' id='word_1_211' title='bbox 1031 1904 1249 1945; x_wconf 87' lang='lat' dir='ltr'><strong>haberem.</strong></span> 
     </span>
    </p>
   </div>
   <div class='ocr_carea' id='block_1_8' title="bbox 150 1978 1690 2113">
    <p class='ocr_par' dir='ltr' id='par_1_14' title="bbox 150 1978 1690 2113">
     <span class='ocr_line' id='line_1_27' title="bbox 152 1978 1656 2039; baseline -0.008 -8"><span class='ocrx_word' id='word_1_212' title='bbox 152 1992 231 2031; x_wconf 72' lang='lat' dir='ltr'><strong>As.</strong></span> <span class='ocrx_word' id='word_1_213' title='bbox 252 1988 373 2027; x_wconf 89' lang='lat' dir='ltr'><strong>Dum</strong></span> <span class='ocrx_word' id='word_1_214' title='bbox 396 1981 524 2032; x_wconf 75' lang='lat' dir='ltr'><strong>Viuit,</strong></span> <span class='ocrx_word' id='word_1_215' title='bbox 545 1981 771 2026; x_wconf 86' lang='lat' dir='ltr'><strong>hominem</strong></span> <span class='ocrx_word' id='word_1_216' title='bbox 798 1979 999 2023; x_wconf 87' lang='lat' dir='ltr'><strong>noueris:</strong></span> <span class='ocrx_word' id='word_1_217' title='bbox 1028 1978 1104 2020; x_wconf 84' lang='lat' dir='ltr'><strong>vbi</strong></span> <span class='ocrx_word' id='word_1_218' title='bbox 1122 1990 1322 2022; x_wconf 80' lang='lat' dir='ltr'><strong>mortuus</strong></span> <span class='ocrx_word' id='word_1_219' title='bbox 1351 1981 1421 2030; x_wconf 86' lang='lat' dir='ltr'><strong>est,</strong></span> <span class='ocrx_word' id='word_1_220' title='bbox 1450 1984 1656 2039; x_wconf 61' lang='lat' dir='ltr'><strong>quiescas,</strong></span> 
     </span>
     <span class='ocr_line' id='line_1_28' title="bbox 150 2047 1690 2113; baseline 0 -7"><span class='ocrx_word' id='word_1_221' title='bbox 150 2066 232 2113; x_wconf 89' lang='lat' dir='ltr'><strong>Te,</strong></span> <span class='ocrx_word' id='word_1_222' title='bbox 261 2065 369 2104; x_wconf 86' lang='lat' dir='ltr'><strong>dum</strong></span> <span class='ocrx_word' id='word_1_223' title='bbox 393 2059 585 2108; x_wconf 80' lang='lat' dir='ltr'><strong>viuebas,</strong></span> <span class='ocrx_word' id='word_1_224' title='bbox 614 2071 836 2102; x_wconf 87' lang='lat' dir='ltr'><strong>noueram.</strong></span> <span class='ocrx_word' id='word_1_225' title='bbox 873 2059 962 2101; x_wconf 82' lang='lat' dir='ltr'><strong>Dt.</strong></span> <span class='ocrx_word' id='word_1_226' title='bbox 986 2057 1053 2097; x_wconf 84' lang='lat' dir='ltr'><strong>An</strong></span> <span class='ocrx_word' id='word_1_227' title='bbox 1079 2069 1150 2096; x_wconf 91' lang='lat' dir='ltr'><strong>me</strong></span> <span class='ocrx_word' id='word_1_228' title='bbox 1170 2066 1393 2097; x_wconf 86' lang='lat' dir='ltr'><strong>mortuum</strong></span> <span class='ocrx_word' id='word_1_229' title='bbox 1419 2047 1658 2106; x_wconf 69' lang='lat' dir='ltr'><strong>arbitrare?</strong></span> <span class='ocrx_word' id='word_1_230' title='bbox 1688 2106 1690 2110; x_wconf 80' lang='grc'><strong>,</strong></span> 
     </span>
    </p>
   </div>
   <div class='ocr_carea' id='block_1_9' title="bbox 151 2130 1737 2245">
    <p class='ocr_par' dir='ltr' id='par_1_15' title="bbox 151 2130 1737 2245">
     <span class='ocr_line' id='line_1_29' title="bbox 151 2130 1737 2195; baseline -0.001 -12"><span class='ocrx_word' id='word_1_231' title='bbox 151 2145 232 2184; x_wconf 73' lang='lat' dir='ltr'><strong>As.</strong></span> <span class='ocrx_word' id='word_1_232' title='bbox 279 2135 368 2194; x_wconf 82' lang='lat' dir='ltr'><strong>Qui</strong></span> <span class='ocrx_word' id='word_1_233' title='bbox 403 2134 519 2195; x_wconf 82' lang='lat' dir='ltr'><strong>potis</strong></span> <span class='ocrx_word' id='word_1_234' title='bbox 561 2134 641 2185; x_wconf 81' lang='lat' dir='ltr'><strong>est,</strong></span> <span class='ocrx_word' id='word_1_235' title='bbox 688 2135 866 2183; x_wconf 82' lang='lat' dir='ltr'><strong>amabo,</strong></span> <span class='ocrx_word' id='word_1_236' title='bbox 909 2131 1114 2193; x_wconf 73' lang='lat' dir='ltr'><strong>planius?</strong></span> <span class='ocrx_word' id='word_1_237' title='bbox 1159 2130 1235 2189; x_wconf 91' lang='lat' dir='ltr'><strong>qui</strong></span> <span class='ocrx_word' id='word_1_238' title='bbox 1273 2132 1454 2174; x_wconf 86' lang='lat' dir='ltr'><strong>antehac</strong></span> <span class='ocrx_word' id='word_1_239' title='bbox 1491 2146 1658 2180; x_wconf 84' lang='lat' dir='ltr'><strong>amator</strong></span> <span class='ocrx_word' id='word_1_240' title='bbox 1725 2135 1737 2180; x_wconf 60' lang='grc' dir='ltr'>ἶ</span> 
     </span>
     <span class='ocr_line' id='line_1_30' title="bbox 1031 2203 1226 2245; baseline -0.01 0"><span class='ocrx_word' id='word_1_241' title='bbox 1031 2203 1226 2245; x_wconf 71' lang='lat' dir='ltr'><strong>summus</strong></span> 
     </span>
    </p>
   </div>
   <div class='ocr_carea' id='block_1_10' title="bbox 147 2274 1656 2629">
    <p class='ocr_par' dir='ltr' id='par_1_16' title="bbox 149 2274 1652 2338">
     <span class='ocr_line' id='line_1_31' title="bbox 149 2274 1652 2338; baseline -0.001 -13"><span class='ocrx_word' id='word_1_242' title='bbox 149 2274 393 2328; x_wconf 70' lang='lat' dir='ltr'><strong>Habitu’st‚&#39;</strong></span> <span class='ocrx_word' id='word_1_243' title='bbox 413 2278 550 2324; x_wconf 85' lang='lat' dir='ltr'><strong>istunc</strong></span> <span class='ocrx_word' id='word_1_244' title='bbox 578 2282 631 2321; x_wconf 84' lang='lat' dir='ltr'><strong>ad</strong></span> <span class='ocrx_word' id='word_1_245' title='bbox 659 2279 844 2322; x_wconf 87' lang='lat' dir='ltr'><strong>amicam</strong></span> <span class='ocrx_word' id='word_1_246' title='bbox 873 2294 1010 2322; x_wconf 77' lang='lat' dir='ltr'><strong>meras</strong></span> <span class='ocrx_word' id='word_1_247' title='bbox 1039 2277 1335 2338; x_wconf 82' lang='lat' dir='ltr'><strong>querimonias</strong></span> <span class='ocrx_word' id='word_1_248' title='bbox 1369 2278 1540 2322; x_wconf 88' lang='lat' dir='ltr'><strong>referre.</strong></span> <span class='ocrx_word' id='word_1_249' title='bbox 1599 2283 1652 2334; x_wconf 81' lang='lat'><strong>65</strong></span> 
     </span>
    </p>

    <p class='ocr_par' dir='ltr' id='par_1_17' title="bbox 150 2353 1574 2412">
     <span class='ocr_line' id='line_1_32' title="bbox 150 2353 1574 2412; baseline -0.003 -9"><span class='ocrx_word' id='word_1_250' title='bbox 150 2362 239 2403; x_wconf 79' lang='lat' dir='ltr'><strong>Dr.</strong></span> <span class='ocrx_word' id='word_1_251' title='bbox 261 2358 404 2399; x_wconf 82' lang='lat' dir='ltr'><strong>vostra</strong></span> <span class='ocrx_word' id='word_1_252' title='bbox 435 2359 578 2399; x_wconf 87' lang='lat' dir='ltr'><strong>hercle</strong></span> <span class='ocrx_word' id='word_1_253' title='bbox 600 2356 764 2397; x_wconf 86' lang='lat' dir='ltr'><strong>factum</strong></span> <span class='ocrx_word' id='word_1_254' title='bbox 791 2353 962 2404; x_wconf 86' lang='lat' dir='ltr'><strong>iniuria,</strong></span> <span class='ocrx_word' id='word_1_255' title='bbox 995 2369 1103 2412; x_wconf 86' lang='lat' dir='ltr'><strong>quae</strong></span> <span class='ocrx_word' id='word_1_256' title='bbox 1137 2353 1436 2412; x_wconf 80' lang='lat' dir='ltr'><strong>properauistis</strong></span> <span class='ocrx_word' id='word_1_257' title='bbox 1468 2356 1574 2399; x_wconf 81' lang='lat' dir='ltr'><strong>olim</strong></span> 
     </span>
    </p>

    <p class='ocr_par' dir='ltr' id='par_1_18' title="bbox 147 2427 1501 2493">
     <span class='ocr_line' id='line_1_33' title="bbox 147 2427 1501 2493; baseline -0.003 -16"><span class='ocrx_word' id='word_1_258' title='bbox 147 2441 328 2493; x_wconf 83' lang='lat' dir='ltr'><strong>Rapere.</strong></span> <span class='ocrx_word' id='word_1_259' title='bbox 361 2434 494 2477; x_wconf 82' lang='lat' dir='ltr'><strong>otiose</strong></span> <span class='ocrx_word' id='word_1_260' title='bbox 522 2432 734 2490; x_wconf 79' lang='lat' dir='ltr'><strong>oportuit:</strong></span> <span class='ocrx_word' id='word_1_261' title='bbox 772 2432 847 2475; x_wconf 84' lang='lat' dir='ltr'><strong>diu</strong></span> <span class='ocrx_word' id='word_1_262' title='bbox 876 2442 925 2473; x_wconf 88' lang='lat' dir='ltr'><strong>vt</strong></span> <span class='ocrx_word' id='word_1_263' title='bbox 949 2431 1075 2472; x_wconf 82' lang='lat' dir='ltr'><strong>effem</strong></span> <span class='ocrx_word' id='word_1_264' title='bbox 1103 2427 1334 2472; x_wconf 80' lang='lat' dir='ltr'><strong>incolumis</strong></span> <span class='ocrx_word' id='word_1_265' title='bbox 1360 2430 1501 2474; x_wconf 82' lang='lat' dir='ltr'><strong>vobis.</strong></span> 
     </span>
    </p>

    <p class='ocr_par' dir='ltr' id='par_1_19' title="bbox 150 2502 1656 2629">
     <span class='ocr_line' id='line_1_34' title="bbox 150 2502 1656 2566; baseline -0.006 -8"><span class='ocrx_word' id='word_1_266' title='bbox 150 2520 231 2558; x_wconf 75' lang='lat' dir='ltr'><strong>As.</strong></span> <span class='ocrx_word' id='word_1_267' title='bbox 256 2516 432 2556; x_wconf 86' lang='lat' dir='ltr'><strong>Amator</strong></span> <span class='ocrx_word' id='word_1_268' title='bbox 462 2509 634 2551; x_wconf 83' lang='lat' dir='ltr'><strong>fimili&#39;st</strong></span> <span class='ocrx_word' id='word_1_269' title='bbox 660 2506 811 2566; x_wconf 82' lang='lat' dir='ltr'><strong>oppidi</strong></span> <span class='ocrx_word' id='word_1_270' title='bbox 828 2504 1004 2550; x_wconf 69' lang='lat' dir='ltr'><strong>hostilis.</strong></span> <span class='ocrx_word' id='word_1_271' title='bbox 1044 2507 1133 2548; x_wconf 77' lang='lat' dir='ltr'><strong>Dt-</strong></span> <span class='ocrx_word' id='word_1_272' title='bbox 1162 2505 1261 2559; x_wconf 87' lang='lat' dir='ltr'><strong>Quo</strong></span> <span class='ocrx_word' id='word_1_273' title='bbox 1282 2517 1536 2561; x_wconf 82' lang='lat' dir='ltr'><strong>argumento</strong></span> <span class='ocrx_word' id='word_1_274' title='bbox 1563 2502 1656 2558; x_wconf 64' lang='lat' dir='ltr'><strong>est?</strong></span> 
     </span>
     <span class='ocr_line' id='line_1_35' title="bbox 1037 2574 1307 2629; baseline -0.007 -13"><span class='ocrx_word' id='word_1_275' title='bbox 1037 2579 1116 2616; x_wconf 80' lang='lat' dir='ltr'><strong>As.</strong></span> <span class='ocrx_word' id='word_1_276' title='bbox 1147 2574 1307 2629; x_wconf 81' lang='lat' dir='ltr'><strong>Quam·</strong></span> 
     </span>
    </p>
   </div>
   <div class='ocr_carea' id='block_1_11' title="bbox 147 2649 1541 2720">
    <p class='ocr_par' dir='ltr' id='par_1_20' title="bbox 147 2649 1541 2720">
     <span class='ocr_line' id='line_1_36' title="bbox 147 2649 1541 2720; baseline -0.004 -19"><span class='ocrx_word' id='word_1_277' title='bbox 147 2663 347 2707; x_wconf 71' lang='lat' dir='ltr'><strong>Primum</strong></span> <span class='ocrx_word' id='word_1_278' title='bbox 379 2657 614 2720; x_wconf 79' lang='lat' dir='ltr'><strong>expugnari</strong></span> <span class='ocrx_word' id='word_1_279' title='bbox 642 2654 782 2715; x_wconf 78' lang='lat' dir='ltr'>potj’st</span> <span class='ocrx_word' id='word_1_280' title='bbox 814 2664 997 2703; x_wconf 80' lang='lat' dir='ltr'><strong>amator,</strong></span> <span class='ocrx_word' id='word_1_281' title='bbox 1022 2661 1252 2708; x_wconf 82' lang='lat' dir='ltr'><strong>optumum</strong></span> <span class='ocrx_word' id='word_1_282' title='bbox 1278 2651 1335 2697; x_wconf 86' lang='lat' dir='ltr'><strong>est</strong></span> <span class='ocrx_word' id='word_1_283' title='bbox 1365 2649 1541 2696; x_wconf 84' lang='lat' dir='ltr'><strong>amicae.</strong></span> 
     </span>
    </p>
   </div>
  </div>
 </body>
</html>
