1742 2924
164 208 260 257 29⁰
707 251 713 258 f
805 203 1052 242 numen

166 315 254 363 ΕΡ.
285 316 372 357 Vos
401 314 568 370 priore·
597 311 677 352 effe
706 323 896 366 oportet,
937 329 1019 356 nos
1049 313 1258 371 posterius
1293 316 1452 366 dicere,

163 395 256 452 Qui
280 394 380 450 plus
410 388 571 443 sapitis.
618 391 699 430 ΛΡ.
730 388 809 428 Eia
837 402 957 438 vero,
987 405 1064 446 age
1092 391 1176 433 dic.
1223 395 1310 434 ΕΡ.
1334 395 1386 434 At
1407 394 1672 435 deridebitis.

165 476 249 518 ΑΡ.
271 470 373 510 Non
403 464 559 519 edepol
585 461 808 505 faciemus.
852 467 938 507 ΕΡ.
970 467 1125 513 Immo,
1158 468 1184 506 fi
1209 468 1408 524 placebit,
1432 471 1565 510 vtitor

164 546 429 591 Consilium:
463 541 493 580 fi
524 553 617 580 non
645 541 847 595 placebit,
880 543 1113 596 reperitote
1139 545 1315 585 rectius.

163 625 282 667 Mihi
302 621 393 662 istic
408 630 490 658 nec
508 615 673 660 seritur,
687 627 770 654 nec
789 617 991 658 metitur:
1017 620 1094 657 nili
1110 632 1171 665 ea,
1193 634 1302 675 quae
1320 631 1368 660 tu
1387 621 1470 666 vis,
1489 620 1606 662 volo.
1620 632 1676 668 80

169 703 254 745 ΡΒ.
288 696 477 738 Gratiam
504 691 667 732 habeo:
697 689 765 731 fac
794 693 1027 748 participes
1050 708 1130 735 nos
1158 706 1255 736 tuae
1279 694 1526 749 sapientiae.

167 781 255 822 ΕΡ.
279 772 506 816 Continuo
535 767 770 807 arbitretur
797 780 904 807 vxor
932 779 1008 810 tuo
1031 779 1176 824 gnato.
1213 782 1342 827 atque
1372 781 1420 810 vt
1454 771 1677 812 fidicinam

162 854 301 898 Illam,
332 860 461 904 quam
489 845 526 882 is
557 842 650 883 volt
675 842 870 890 liberare,
896 857 1008 899 quae
1036 847 1161 887 illum
1191 848 1442 902 conrumpit
1468 848 1566 894 tibi,

161 926 396 974 Vlciscare:
429 931 556 976 atque
587 918 646 958 ita
676 927 863 964 curetur,
896 933 1033 975 vsque
1060 922 1113 962 ad
1141 933 1326 964 mortem
1352 934 1400 963 vt
1425 922 1596 963 seruiat.

167 1010 251 1051 Ap,
280 1001 396 1043 Fieri
433 1003 616 1051 oportet.
681 995 765 1034 Pu.
797 993 952 1036 Facere
982 997 1112 1050 cupio
1142 997 1343 1052 quiduis,
1383 989 1493 1038 'dum
1522 999 1568 1038 id
1604 997 1679 1039 fiat

1051 1072 1199 1114 modo.
1253 1076 1342 1116 ΕΡ.
1374 1072 1512 1116 Hem!
1617 1084 1678 1126 ⁴35

161 1159 296 1202 Nunc
323 1146 531 1196 occafio’st
559 1145 770 1192 faciundi,
801 1147 919 1201 prius
946 1160 1078 1200 quam
1106 1148 1154 1188 in
1177 1150 1327 1191 vrbem
1352 1150 1593 1197 aduenerit.

164 1237 291 1279 sicut
321 1241 411 1271 cras
449 1227 523 1267 hie
564 1223 724 1264 aderit:
771 1222 904 1262 hodie
943 1236 1035 1263 non
1073 1228 1257 1268 venerit.
1319 1229 1404 1268 Pr..
1439 1226 1529 1282 Qui
1568 1223 1676 1265 scis?

1054 1303 1141 1344 Ep.
1167 1303 1283 1350 Scio,

166 1388 284 1445 Quia
310 1381 425 1423 mihi
457 1378 564 1417 alius
595 1373 727 1419 dixit,
760 1374 836 1428 qui
871 1374 993 1416 illinc
1021 1377 1165 1424 venit,
1200 1391 1329 1419 mane
1353 1379 1428 1418 hie
1455 1375 1618 1417 adfore.

167 1467 255 1508 ΡΒ.
278 1459 401 1516 Quin
429 1465 477 1495 tu
509 1451 732 1506 eloquere:
764 1448 871 1503 quid
900 1448 1145 1493 faciemus?
1198 1455 1285 1495 ΕΡ.
1313 1454 1386 1494 Sic
1421 1451 1680 1495 faciundum

1047 1528 1224 1579 cense03

164 1613 295 1671 Quali
321 1621 371 1652 tu
403 1606 550 1662 cupias
578 1600 762 1640 liberare
796 1597 1018 1642 fidicinam
1047 1606 1185 1645 animi
1217 1605 1364 1661 gratia,
1617 1617 1673 1658 90
1735 1626 1742 1627 ff

166 1689 380 1748 Quasique
400 1693 519 1724 ames
543 1678 828 1718 vehementer
849 1686 896 1716 tu
920 1678 1052 1718 illam.
1086 1682 1170 1721 Pr..
1194 1680 1336 1735 Quam
1365 1679 1421 1720 ad
1444 1691 1537 1720 rem
1567 1677 1672 1718 istnc

1047 1755 1209 1796 refert?
1251 1758 1338 1797 ΕΡ.
1369 1756 1543 1812 Rogas?

160 1844 217 1886 Vt
247 1843 367 1884 enim
397 1833 626 1894 praestines
658 1841 847 1889 argento,
877 1834 997 1887 prius
1029 1845 1156 1886 quam
1186 1833 1336 1872 veniat
1363 1831 1492 1878 filius,

160 1921 302 1974 Atque
331 1925 381 1955 vt
406 1926 502 1953 eam
525 1922 568 1952 te
597 1912 644 1950 in
670 1910 912 1949 libertatem
945 1907 1061 1947 dicas
1085 1920 1241 1948 emere.
1283 1908 1367 1947 1²2.
1392 1907 1612 1962 Intellego.

164 1997 251 2038 ΕΡ.
269 1994 352 2033 Vbi
370 1990 450 2029 erit
468 1995 627 2043 empta,
649 1995 698 2025 vt
721 1984 867 2039 aliquo
894 1996 943 2022 ex
963 1984 1067 2022 vrbe
1089 1995 1316 2023 amouens:
1347 1982 1424 2021 nili
1456 1981 1565 2037 quid
1596 1992 1670 2023 tna
1721 2028 1724 2031 ,

88 2062 90 2064 V
158 2071 298 2114 Secue
328 2064 538 2107 sententia
562 2060 631 2103 est.
680 2062 764 2101 ΡΒ.
800 2060 940 2100 Immo
971 2057 1109 2099 docte,
1168 2060 1255 2098 ΕΡ.
1284 2057 1406 2111 Quid
1437 2066 1486 2096 tu
1508 2067 1668 2101 autem,

1043 2132 1316 2189 Apoecides?
1615 2148 1667 2188 95

162 2227 244 2266 ΛΡ.
265 2218 386 2275 Quid
406 2228 486 2273 ego
511 2212 630 2254 iam?
662 2208 740 2251 nisi
757 2221 801 2251 te
823 2217 1122 2251 commentum
1141 2210 1272 2248 nimis
1293 2206 1426 2247 astute
1447 2209 1665 2263 intellego.

160 2300 247 2340 ΕΡ.
277 2298 366 2336 lam
394 2294 527 2349 igitur
555 2297 699 2328 amota
731 2286 773 2325 ei
805 2286 885 2325 erit
915 2287 1059 2325 omnis
1089 2282 1347 2325 consultatio

154 2373 437 2428 Nuptiarum,
450 2379 507 2406 ne
525 2370 738 2420 grauetur‚
762 2360 883 2416 quod
900 2360 1020 2400 velis.
1054 2365 1136 2401 ΑΡ.
1157 2360 1265 2398 Viue
1281 2356 1411 2412 sapis!
1443 2366 1486 2404 et
1509 2360 1660 2413 placet.
1715 2405 1721 2410 „

158 2450 245 2490 ΕΡ.
270 2446 389 2485 Tum
420 2451 516 2482 tute
545 2439 675 2494 igitur
705 2434 864 2482 calide,
902 2433 1116 2490 quidquid
1145 2443 1339 2478 acturus,
1369 2446 1459 2488 age.

153 2525 239 2566 ΡΒ.
269 2521 396 2567 Rem,
422 2516 580 2562 hercle,
604 2514 798 2568 loquere.
837 2512 924 2552 ΕΡ.
952 2511 1006 2550 Et
1035 2509 1217 2563 repperi,
1250 2509 1357 2548 haec
1389 2517 1432 2548 te
1462 2508 1539 2564 qui
1569 2508 1659 2548 abs-

1029 2584 1153 2625 cedat
1182 2581 1377 2638 suspicio.
1581 2599 1660 2627 100

149 2675 232 2716 Px.
253 2672 363 2715 Sine
391 2682 464 2712 me
489 2668 612 2711 scire.
668 2664 755 2706 ΕΡ.
778 2661 943 2704 Scibis:
988 2658 1104 2700 audi.
1160 2662 1240 2699 ΛΡ.
1274 2659 1395 2715 Sapit
1426 2658 1499 2698 hic
1529 2658 1658 2712 pleno
1688 2649 1714 2708 ,ιζ

1025 2743 1213 2790 pectore.
1671 2735 1677 2745 ¹

1680 2847 1706 2888 ‘s'
