1742 2924
211 172 306 218 33⁴
767 177 1147 215 naccfflnvm

205 281 358 323 Vtrum
387 294 541 322 aurum
573 281 745 330 reddat,
776 296 888 324 anne
915 297 983 326 eat
1009 285 1155 328 secum
1185 288 1338 330 timul?

204 358 276 397 Tu
306 357 496 402 dudum,
525 357 659 405 Puer,
683 372 802 400 eum
831 361 901 400 illa
929 375 1067 416 vsque
1094 362 1160 402 isti
1188 364 1323 412 fimul,
1682 383 1704 421 5

203 434 326 489 Quae
358 435 512 474 harum
544 433 641 474 sunt
670 435 817 481 aedes,
846 437 991 489 pulta:
1022 438 1093 478 adi
1120 447 1318 480 actutum
1345 438 1555 490 adfores,

199 509 370 549 Recede
401 510 508 548 hinc
539 502 736 551 dierecte.
770 520 819 549 vt
846 511 983 566 pulsat
1013 514 1304 569 propudium!

200 584 392 626 Comess'e
422 598 579 640 panem
610 586 685 626 tris
720 586 851 640 pedes
881 588 1016 628 latum
1041 600 1179 645 potes,

197 660 325 701 Fores
354 662 520 715 pultare
548 658 708 700 nescis!
741 663 889 716 ecquis
917 663 985 703 his
1012 667 1058 705 in
1090 667 1265 707 aedibus
1293 665 1381 708 est?

195 736 316 776 Heus
340 737 489 791 ecquis
523 737 596 776 hic
622 735 712 777 est?
749 737 899 793 ecq'uis
927 740 1012 780 hoc
1039 743 1179 797 aperit
1210 740 1397 784 ostium?
1597 776 1606 783 ,
1653 759 1702 786 10

192 811 356 869 Ecquis
383 810 500 852 exit?

490 942 779 987 A·CTvs
838 945 917 986 IV.
986 944 1271 989 SCENA
1323 950 1388 992 11.

598 1049 962 1091 PISTOCLEnvs‚
998 1044 1295 1086 PARASITVS.

245 1134 367 1191 Quid
400 1135 536 1177 istuc?
580 1135 845 1192 quae‘istaec
873 1135 929 1176 est
958 1136 1174 1191 pulsatio?

182 1211 316 1267 Quae
343 1222 386 1252 te
426 1212 538 1251 mala
575 1225 679 1253 crux
714 1212 878 1267 agitat?
912 1212 966 1252 ad
996 1211 1130 1254 istunc
1161 1215 1238 1270 qui
1264 1217 1447 1259 modum

186 1287 339 1327 Alieno
372 1288 484 1327 vires
517 1298 610 1328 tuas
644 1298 835 1328 extentes
866 1287 1005 1329 ostio?

186 1362 315 1402 Fores
341 1376 480 1418 paene
510 1360 722 1419 effi-egisti.
760 1362 865 1419 quid
892 1377 1013 1404 nunc
1039 1365 1107 1404 vis
1144 1365 1256 1406 tibi?

187 1440 279 1480 ΡΛ.
308 1437 591 1483 Adolescens,
621 1436 750 1479 salue.
807 1439 882 1479 ΡΙ.
913 1439 1052 1479 Salue.
1086 1438 1156 1478 sed
1182 1453 1310 1494 quern
1341 1445 1584 1498 quaeritas?
1670 1462 1689 1497 ς

184 1513 278 1556 ΡΑ.
318 1512 596 1555 Bacchidem.
668 1514 743 1554 ΡΙ.
782 1514 927 1554 Vtram
969 1515 1102 1571 ergo?
1162 1517 1253 1558 ΡΑ.
1295 1517 1417 1559 Nihil
1458 1518 1570 1569 scio,
1608 1525 1692 1566 nisi

307 1599 310 1603 .
678 1582 687 1591 ·
1086 1583 1367 1628 Bacchidem.

178 1657 334 1699 Paucis
363 1672 435 1698 me
464 1658 575 1698 misit
601 1659 728 1698 miles
758 1657 811 1697 ad
839 1669 932 1696 eam
964 1656 1266 1707 Cleomachus,

180 1734 258 1773 Vel
281 1743 330 1773 vt
360 1732 570 1774 ducentos
595 1734 823 1788 Philippos
852 1732 1004 1773 reddat
1036 1747 1201 1782 aureos,

179 1809 256 1849 vel
283 1818 331 1847 vt
361 1809 467 1848 hinc
494 1809 540 1848 in
575 1810 757 1850 Elatiam
788 1809 921 1850 hodie
949 1819 1016 1848 eat
1046 1807 1192 1849 secum
1223 1810 1358 1852 simul.

181 1886 258 1926 Pz.
289 1884 477 1932 Non'it,
507 1895 662 1940 negato
693 1884 772 1924 effe
804 1886 973 1924 ituram.
1005 1883 1100 1930 abi,
1133 1895 1177 1926 et
1204 1888 1419 1928 renuntia.
1637 1907 1687 1934 χο

176 1962 323 2002 Alium
354 1962 425 2000 illa
456 1972 593 2007 amat,
625 1974 713 2002 non
744 1961 884 2000 illum.
918 1958 1003 1998 duc
1029 1970 1071 2000 te
1106 1961 1157 2000 ab
1194 1961 1386 2003 aedibus.

178 2037 270 2078 ΡΑ.
303 2035 445 2076 Nimis
478 2035 697 2077 iracunde.
757 2037 832 2076 ΡΙ.
865 2036 918 2075 At
947 2032 1050 2074 sciu’
1076 2049 1206 2090 quam
1236 2037 1468 2080 iracundus
1499 2041 1631 2083 stem?

21 2107 51 2140 -”
101 2139 103 2141 -
174 2112 268 2153 Nae
297 2111 379 2151 tibi
409 2112 552 2151 hercle
583 2111 700 2151 haud
729 2111 858 2166 longe
889 2109 945 2149 est
976 2125 1024 2151 os
1054 2112 1106 2151 ab
1142 2110 1396 2160 infortunio,

174 2188 236 2227 Ita
266 2183 632 2242 dentifrangibula
663 2186 771 2226 haec
802 2186 911 2224 meis
940 2187 1140 2227 manibus
1175 2186 1370 2241 gestiunt.
1422 2226 1424 2228 ,
1474 2184 1479 2191 ’

176 2264 268 2304 ΡΑ.
281 2260 399 2322 (sthi)
419 2262 569 2324 Quum
588 2276 665 2318 ego
680 2263 813 2302 huius
833 2262 965 2300 verba
984 2263 1254 2317 interpretor,
1267 2264 1378 2302 mihi
1391 2265 1535 2305 cautio
1549 2264 1616 2313 est,
1636 2280 1648 2306 1
1658 2281 1678 2318 ς

173 2337 240 2377 Ne
269 2336 617 2392 nucifrangibula
650 2334 825 2376 excuffit
851 2348 902 2375 ex
933 2338 1055 2377 malis
1085 2338 1209 2377 meis.

173 2410 448 2472 (Pistoclero)
481 2412 580 2453 Tuo
616 2425 695 2466 ego
726 2411 850 2452 istaec
883 2414 1015 2466 igitur
1046 2412 1187 2460 dicam
1222 2412 1286 2451 iili
1315 2413 1519 2466 periculo.

172 2489 248 2529 ΡΙ.
276 2488 397 2542 Quid
424 2489 484 2528 ais
514 2487 597 2528 tu?
637 2488 726 2528 ΡΑ.
747 2487 839 2541 Ego
872 2485 978 2528 istuc
1006 2487 1068 2526 illi
1095 2487 1250 2526 dicam.
1292 2487 1364 2527 Pl.
1396 2488 1479 2526 Dic
1499 2488 1621 2534 mihi,

172 2560 285 2616 Quis
320 2571 370 2602 tu
400 2562 478 2603 es?
536 2563 626 2605 ΡΛ.
658 2560 902 2602 ΙΠίυεἸιιηι
931 2563 1281 2616 integumentum
1321 2565 1527 2616 eorporis.
1554 2595 1561 2600 ,

171 2637 246 2679 Pr.
285 2636 487 2694 Nequam
530 2636 611 2678 effe
657 2644 847 2690 oportet,
900 2638 1007 2692 quoi
1043 2646 1092 2676 tu
1138 2636 1488 2691 integumentum
1533 2640 1678 2691 inpro-

1070 2705 1151 2745 bus
1179 2717 1238 2745 es.
1626 2719 1677 2744 κο
