1742 2924
152 153 244 226 90>
423 219 428 223 ⁴
754 161 1062 212 astunata

151 285 252 329 ME.
283 279 488 327 Fortasse!
553 279 632 323 LE.
664 281 809 323 Etiam
843 281 965 323 nunc
1009 283 1132 325 dico:
1192 285 1458 343 Periphanes
1497 290 1656 333 Rhodo

879 361 882 367 '
1051 373 1263 403 mercator
1482 367 1487 374 '

146 440 282 479 Dives
313 435 484 475 absente
516 436 620 497 hero
656 433 766 474 solus
799 435 910 473 mihi
944 436 1155 477 talentum
1188 442 1355 494 argenti

148 514 239 554 Soli
270 510 581 554 adnumerauit‚
616 520 658 549 et
676 510 787 548 mihi
816 509 1016 556 credidit,
1045 524 1189 566 neque
1206 513 1414 569 deceptus
1444 518 1492 556 in
1528 531 1594 557 eo,

146 593 245 633 ME.
273 583 476 630 Fortasse!
515 586 600 626 LE.
623 585 762 640 Atque
783 588 915 625 etiam
946 596 994 626 tu
1026 600 1200 642 quoque
1229 589 1331 644 ipse,
1374 592 1401 631 fi
1425 592 1524 632 effes
1556 606 1649 647 per-

1044 677 1127 702 cun
1133 673 1196 703 cta
1203 675 1285 705 tus*

137 740 217 785 Me
244 755 295 784 ex
326 742 439 789 aliis,
470 714 564 784 scio*
586 739 684 795 pol,
725 737 918 779 crederes
947 751 1067 778 nunc
1098 739 1215 792 quod
1241 738 1340 781 fers.
1391 742 1490 782 ME.
1516 683 1645 784 Hal}

1045 812 1264 869 negaffim.

488 996 744 1038 ACTVS
791 996 882 1036 111.
954 994 1215 1037 SCENA
1259 997 1292 1038 1.

302 1089 408 1142 (Seu
436 1091 583 1143 potius
621 1088 874 1130 ACTVS
916 1089 1006 1129 ΙΙΙ.
1066 1090 1318 1132 SCENA
1361 1091 1471 1146 111.)

543 1189 847 1220 CLEAERETA
859 1209 871 1230 ,
909 1190 1230 1221 PHILENIVM.

139 1313 144 1318 .
184 1276 411 1332 Nequeon'
424 1289 504 1331 ego
534 1284 577 1315 te
606 1274 847 1315 interdictis
874 1273 1014 1315 facere
1039 1274 1305 1316 mansuetam
1332 1275 1474 1316 meis?

126 1355 196 1396 An
226 1354 285 1393 ita
313 1362 363 1392 tu
392 1365 436 1392 es
463 1352 665 1397 animata,
696 1359 745 1389 vt
775 1351 851 1405 qui
879 1363 1027 1404 expers
1055 1352 1204 1390 matris
1234 1352 1406 1406 imperii
1438 1351 1546 1392 fies?

125 1429 217 1470 PH.
247 1428 330 1468 Vbi
357 1428 476 1482 piem
502 1426 738 1471 Pietatem,
769 1426 796 1464 fi
825 1425 900 1465 isto
932 1439 1054 1465 more
1077 1437 1285 1467 moratam
1316 1428 1399 1466 tibi

121 1503 340 1552 Postulem
367 1504 550 1559 placere,
582 1510 731 1548 mater,
758 1501 985 1555 mihique
1012 1513 1138 1556 pacto
1165 1502 1411 1556 praecipis?

124 1579 205 1621 cz.
243 1579 312 1620 An
355 1577 563 1619 decorum
613 1576 671 1617 est
719 1575 931 1616 aduersari
979 1578 1088 1617 meis
1130 1588 1172 1617 te
1212 1576 1486 1633 praeceptis?
1540 1579 1631 1619 PH.

1028 1653 1147 1706 Quid
1177 1652 1264 1693 est?
1603 1669 1625 1707 5

117 1732 201 1773 Gt..
223 1732 422 1772 Hoccine
447 1729 518 1776 est,
545 1730 751 1785 pietatem
775 1731 932 1775 colere,
962 1729 1110 1768 matris
1137 1730 1368 1782 imperium
1397 1729 1627 1770 minuere?

117 1808 207 1852 PH.
244 1806 399 1864 Neque
444 1819 556 1861 quae
596 1816 713 1846 recte
752 1803 919 1845 faciunt
959 1805 1110 1860 cul'p03
1164 1817 1306 1858 neque
1341 1819 1449 1861 quae
1491 1805 1624 1845 delin-

1022 1889 1163 1933 quunt
1193 1893 1305 1921 amo.

114 1956 194 1998 Cr..
221 1956 332 1997 Satis
362 1955 555 1997 dicacula
584 1969 628 1996 es
649 1957 839 1995 amatrix
881 1956 967 1994 PH.
995 1955 1150 1999 Mater,
1175 1955 1210 1994 is
1241 1954 1415 2010 quaestu
1426 1954 1470 1994 'st
1495 1937 1620 1997 milii.
1643 1941 1645 1943 .

109 2033 281 2087 Lingua
312 2030 465 2085 poscit,
494 2044 649 2085 corpus
680 2033 862 2086 quaerit,
893 2032 1063 2070 animus
1095 2039 1198 2076 orat,
1224 2043 1289 2070 res
1318 2039 1482 2073 monet.
1622 2029 1625 2031 ‘

112 2108 191 2149 GL.
222 2107 315 2162 Ego
343 2117 387 2148 te
410 2107 532 2147 volui
562 2105 772 2161 castigare,
803 2115 848 2146 tu
878 2107 940 2145 mi
961 2105 1195 2147 adcusatrix
1223 2104 1337 2146 ades.
1564 2123 1616 2152 ιο

107 2183 199 2225 Ρη.
221 2182 376 2238 Neque
398 2182 553 2237 edepol
574 2192 615 2222 te
640 2180 811 2227 adcuso‚
833 2195 975 2236 neque
996 2183 1040 2222 id
1061 2195 1131 2221 me
1148 2179 1284 2221 facere
1311 2179 1376 2220 fas
1393 2179 1611 2235 existumm

92 2259 267 2303 >Verum
297 2271 378 2317 ego
409 2270 528 2300 meas
555 2269 710 2313 queror
734 2255 943 2304 fortunas,
976 2269 1109 2312 quom
1135 2256 1210 2296 illo
1239 2255 1370 2313 quem
1393 2269 1491 2297 amo
1518 2270 1613 2313 pro.

1006 2333 1172 2373 hibent.

103 2408 186 2457 GL.
215 2410 331 2464 Ergo
361 2421 448 2452 vna
479 2422 577 2463 pars
608 2409 818 2448 orationis
851 2409 903 2449 de
936 2398 1005 2447 die
1031 2405 1201 2447 dabitur
1226 2408 1351 2448 mihi.

98 2485 191 2529 PH.
224 2484 280 2526 Et
310 2497 453 2525 meam
482 2495 644 2538 partem
674 2485 904 2538 loquendi,
945 2494 986 2524 et
1015 2495 1133 2524 tuam
1161 2482 1279 2522 trado
1308 2484 1403 2523 tibi.

97 2559 164 2604 Ad
189 2559 476 2617 loquendum,
491 2568 618 2614 atque
635 2559 687 2598 ad
706 2559 937 2599 tacendum
961 2570 1052 2600 tute
1070 2559 1226 2599 habeas
1242 2557 1539 2611 portisculum.
1556 2556 1623 2615 15*

98 2636 222 2693 Quin
251 2635 323 2689 pol
352 2656 410 2666 υ·-
441 2635 468 2673 fi
494 2635 680 2693 repofiui
709 2648 891 2680 remum,
927 2633 1009 2674 sola
1041 2648 1117 2690 ego
1141 2636 1188 2672 in
1219 2632 1387 2675 casteria

95 2707 181 2755 Vbi
211 2708 407 2770 quiesco,
449 2711 592 2751 onmis
621 2709 813 2751 familiae
842 2708 964 2750 causa
991 2708 1172 2751 consistit
1199 2709 1294 2750 tibi.
