1742 2924
151 171 242 220 53²
300 183 309 192 =
455 157 459 164 '
696 169 1105 206 Manca’ron‘xs

148 281 242 336 Ego
271 278 438 319 redemi
467 288 531 318 te:
569 278 643 317 ille
676 291 748 317 me
777 278 931 318 orauit.
990 281 1082 321 ΡΛ.
1114 279 1295 321 Animus
1326 282 1494 331 redii„

152 356 199 396 Si
223 367 399 395 mecum
420 352 613 394 seruatur
643 352 762 393 fides.
823 355 909 394 Lr.
934 354 1059 396 Bono
1090 357 1237 396 animo
1263 369 1335 411 es„
1351 359 1553 400 liberabit

149 433 224 472 Ille
257 441 298 470 te
321 433 480 472 homo:
507 429 662 483 edepol
691 429 859 483 deperit
886 440 1014 485 atque
1042 431 1174 471 hodie
1207 433 1397 487 primum
1422 435 1549 476 vidit.

154 510 246 549 ΡΛ.
269 505 437 547 Ecastor
458 507 544 545 iam
569 505 801 544 biennium
823 503 892 550 est,
923 518 1056 558 quum
1083 520 1261 546 mecum
1285 522 1377 555 rem
1402 505 1577 566 coepit-⁴
1611 525 1660 562 35

153 583 298 630 Nune,
331 581 504 637 quando
539 581 731 619 amicum
759 575 918 619 te'scio
948 580 1026 621 effe
1058 583 1188 628 illins,
1224 582 1448 625 indicabo.

155 660 243 701 Ly.
263 657 382 713 Quid
409 658 470 696 ais
490 656 571 696 tu?
601 657 687 695 iam
710 655 939 695 biennium
967 655 1035 702 est,
1058 672 1191 712 quum
1216 664 1361 699 tecum
1389 660 1521 705 habet
1540 661 1666 710 rem?

1039 730 1131 769 ΡΛ.
1164 728 1308 769 Certo.
1359 778 1362 781 ¹

154 804 213 843 Et
245 804 358 842 inter
385 815 464 842 nos
495 802 848 849 coniurauimus,
882 816 963 857 ego
994 817 1097 843 cum
1124 806 1199 845 illo
1234 816 1278 845 et
1307 806 1379 846 ille
1407 820 1596 854 mecum,

132 880 246 935 'Ego
279 892 380 918 cum
411 879 521 940 viro.
544 889 587 918 et
614 879 686 917 ille
726 890 827 917 cum
857 879 1063 926 muliere,
1109 880 1186 918 nifi
1219 894 1321 923 cum
1350 882 1450 929 ino,
1489 894 1563 924 aut
1593 885 1668 925 ille

1039 963 1229 996 mecum,

156 1025 323 1066 Neuter
352 1023 484 1079 stupri
510 1022 632 1064 causa
657 1034 788 1078 caput
817 1020 1002 1064 limaretss
1054 1027 1141 1083 Ly-
1172 1027 1246 1066 Dii
1274 1029 1537 1080 inmortales,
1618 1050 1672 1088 40
1736 1031 1742 1038 „

157 1101 304 1141 Etiam
330 1115 430 1141 cum
462 1113 595 1140 vxore
629 1114 720 1141 non
748 1100 910 1140 cubet‘?
959 1101 1050 1139 ΡΛ.
1079 1101 1259 1149 Amabo,
1293 1118 1346 1143 an
1378 1111 1557 1151 maritus
1583 1111 1673 1154 est?

157 1178 315 1233 Neque
366 1175 446 1222 est,
485 1189 628 1231 neque
669 1177 765 1215 erit.
825 1178 912 1216 LY.
944 1175 1092 1216 Nolim
1135 1178 1326 1232 quidem.
1366 1183 1498 1225 homo
1528 1188 1674 1229 hercle
1733 1195 1737 1199 ’

1042 1250 1296 1301 perlurauit.

159 1324 252 1364 ΡΛ.
277 1321 458 1362 Nullum
488 1320 804 1360 adolescentem
834 1322 933 1373 plus
967 1333 1079 1361 amo·
1140 1325 1227 1364 Lr.
1257 1325 1368 1366 Puer
1395 1327 1451 1367 est
1479 1329 1554 1394 ille
1580 1333 1674 1387 qui-

1041 1391 1166 1438 dem,
1203 1393 1340 1435 stulta.

136 1452 271 1511 *Nam
296 1471 360 1510 illi
387 1469 565 1525 quidem
586 1467 703 1508 haud
736 1466 836 1505 sane
864 1467 941 1506 diu
969 1466 1038 1512 est,
1070 1481 1206 1520 quum
1230 1469 1380 1509 dentes
1403 1472 1669 1516 exciderunt.
1735 1504 1742 1519 ‚-

161 1548 254 1588 PA.
285 1545 420 1601 Quid,
452 1543 635 1584 dentes‘2
677 1544 763 1583 Lr.
790 1542 913 1581 Nihil
942 1541 1020 1581 est:
1051 1542 1227 1597 sequere
1256 1544 1305 1583 fis
1333 1545 1418 1584 huc
1439 1560 1524 1587 me.
1555 1549 1672 1590 diem

1040 1626 1068 1650 v
1071 1604 1180 1650 num'
1209 1614 1351 1652 orauit
1617 1635 1641 1671 4
1650 1635 1668 1671 ς
1732 1613 1735 1616 ’

156 1690 212 1730 Vt
236 1687 354 1744 apud
378 1701 450 1728 me
470 1687 768 1749 praehiberem
799 1687 969 1726 locum:
1006 1685 1122 1733 ideo,
1156 1689 1256 1742 quia
1286 1702 1394 1730 vxor
1419 1693 1514 1731 ruri
1546 1694 1619 1735 est.

462 1820 1365 1884 Acrvs1n.SCENA1L

755 1940 1076 1971 DEMIPHO.

213 2029 414 2069 Tandem
442 2027 684 2082 inpetraui,
725 2034 773 2066 vt
804 2036 975 2081 egomet
1004 2039 1075 2064 me
1106 2038 1447 2081 conrumperem.

155 2105 314 2159 Empta
346 2103 402 2143 est
431 2104 568 2143 amica
599 2104 710 2142 clam
743 2115 876 2142 vxore
915 2114 1010 2140 mea
1038 2111 1083 2141 et
1115 2100 1220 2142 filio.

158 2181 339 2222 Certum
370 2177 447 2225 est,
481 2178 657 2232 antiqua
686 2177 896 2221 recolam,
928 2185 970 2215 et
1001 2176 1170 2217 seruibo
1196 2177 1322 2218 mihi.

156 2253 346 2296 Decurso
378 2257 424 2294 in
453 2253 611 2307 spatio,
640 2253 774 2293 breue
802 2252 920 2306 quod
948 2252 1065 2293 vitae
1093 2254 1310 2308 reliquum
1347 2251 1417 2298 est,

155 2331 409 2386 Voluptate,
441 2329 546 2369 vino
577 2338 618 2367 et
652 2340 797 2367 amore
834 2327 1117 2368 delectauero.
1263 2355 1267 2359 -
1644 2343 1667 2380 ς

156 2407 269 2448 Nam
299 2407 412 2445 hanc
441 2403 484 2443 [e
512 2403 625 2443 bene
658 2403 816 2443 habere
847 2412 1030 2447 aetatem
1059 2403 1208 2442 nimio
1229 2400 1287 2440 est
1321 2402 1518 2455 aequius.

156 2480 414 2524 Adolescens
445 2492 582 2535 quum
610 2477 674 2524 fis,
704 2487 800 2517 tum
831 2492 968 2533 quum
999 2476 1072 2516 est
1083 2476 1252 2531 sanguis
1281 2477 1462 2533 integer,

155 2557 240 2597 Rei
269 2565 368 2596 tuae
395 2553 663 2610 quaerendae
693 2553 902 2593 conuenit
935 2565 1107 2607 operam
1139 2552 1262 2591 dare:
1291 2605 1294 2608 Δ
1386 2538 1389 2540 ‚

156 2633 345 2671 Demum
373 2630 507 2684 igitur
536 2642 675 2683 quum
707 2627 833 2667 senex
868 2627 939 2673 fis,
962 2637 1086 2667 ·tunc
1116 2628 1163 2665 in
1193 2628 1333 2668 otium
1383 2613 1389 2617 x

157 2707 223 2747 'Pe
253 2705 477 2751 conloces,
507 2703 612 2745 dum
640 2702 846 2759 potestur:
885 2701 932 2753 id
956 2703 1050 2745 ,iam
1082 2703 1202 2743 lucro
1230 2702 1300 2749 est,
1574 2756 1575 2759 Ἴ
1616 2690 1667 2743 xo
1712 2689 1715 2694 ¹
