1742 2924
195 180 287 236 364
632 235 637 242 Ι
697 169 1195 231 mosi-attunt

188 303 362 347 Facite,
390 302 478 340 huc
501 308 550 339 vt
583 298 731 342 redeat
760 303 898 343 noster
927 312 1058 360 quarn
1085 305 1275 360 primum
1304 302 1444 354 senex,

188 378 456 418 Triennium
486 377 563 432 qui
592 379 677 417 iam
705 380 810 420 hinc
842 378 972 427 abest;
1003 381 1120 435 prius
1151 367 1281 436 quam
1313 386 1460 423 omnia

187 455 383 499 Periere,
415 463 458 493 et
489 453 629 499 aedis,
664 465 706 493 et
736 468 855 509 ager:
891 456 967 510 qui
993 457 1071 496 nisi
1098 458 1186 496 huc
1215 457 1341 506 redit,

186 531 429 572 Paucorum
462 530 668 568 mensium
701 529 796 569 sunt
825 531 1000 572 relictae
1028 533 1249 587 reliquiae.

187 606 320 646 Nunc
344 618 416 645 rus
447 606 589 646 abibo.
624 618 724 644 nam
755 618 907 646 eccum
938 609 1122 648 herilem
1152 607 1292 649 filium

187 682 326 724 Video
354 689 615 738 conruptum
644 682 719 725 hic
747 696 799 723 ex
818 674 1096 724 'adolescente
1127 693 1322 741 optumo.

463 864 1427 907 ACTVS1.SCENA11.

535 972 909 1003 PHILOLACHES.
945 958 1081 1020 (quast
1112 960 1353 1014 Prologus)

239 1070 502 1111 Recordatus
532 1070 721 1111 multum
753 1079 795 1110 et
827 1070 901 1109 diu
932 1070 1134 1124 cogitaui,

180 1147 531 1202 Argumentaque
557 1146 603 1184 in
630 1154 782 1199 pectus
812 1146 948 1185 multa
982 1145 1146 1186 institui

181 1223 301 1277 Ego3
331 1231 457 1276 atque
489 1222 534 1260 in
566 1234 665 1260 meo
695 1222 846 1266 corde,
878 1221 905 1260 fi
931 1221 987 1261 est
1020 1222 1140 1276 quod
1164 1222 1277 1264 mihi
1306 1231 1392 1269 cor,

177 1298 287 1337 Eam
316 1310 407 1337 rem
440 1296 637 1337 volutaui
663 1306 706 1336 et
739 1296 814 1335 diu
841 1296 1074 1351 disputaui‚

177 1373 419 1414 Hominem
447 1373 606 1427 quoius
641 1374 729 1419 rei,
763 1373 939 1427 quando
970 1383 1095 1412 natus
1126 1370 1195 1417 esf,

177 1449 378 1487 Similem
409 1447 488 1487 effe
521 1448 748 1489 arbitrarer
774 1448 1133 1506 simulacrumque
1164 1447 1338 1488 habere.

174 1524 227 1564 Id
255 1524 427 1580 repperi
460 1524 545 1563 iam
573 1525 835 1576 exemplum.

175 1599 403 1641 Nouatum
433 1598 608 1639 aedium
640 1598 719 1639 effe
748 1599 930 1639 arbitror
959 1597 1140 1637 fimilem
1171 1608 1252 1652 ego
1279 1597 1519 1645 hominem,

176 1674 366 1727 Quando
392 1675 466 1716 hic
495 1685 621 1717 natus
647 1673 716 1714 est.
757 1676 798 1714 ei
829 1674 892 1714 rei
925 1681 1172 1729 argumenta
1203 1672 1361 1721 dicam,

175 1752 434 1807 Atquerhoc
463 1749 580 1791 haud
612 1750 788 1790 videtur
814 1749 1044 1789 verifimile
1071 1747 1230 1789 vobis?

175 1828 233 1868 At
261 1840 341 1881 ego
374 1826 420 1866 id
451 1825 606 1866 faciam
641 1824 719 1866 ess'e
756 1827 814 1865 ita
841 1835 890 1865 vt
920 1825 1118 1865 credatis.

173 1901 377 1945 Profecto
410 1903 466 1943 ita
494 1900 598 1948 effe,
628 1910 676 1941 vt
703 1901 931 1956 praedico,
962 1913 1068 1940 vero
1096 1899 1286 1939 vincam.
1323 1931 1332 1934 ⁴

174 1979 318 2034 Atque
348 1979 434 2018 hoc
461 1987 632 2018 vosmet
658 1978 731 2033 ipfi
760 1977 862 2023 scio,

177 2053 368 2095 Proinde
398 2055 463 2092 vti
493 2066 611 2092 nunc
637 2066 717 2109 ego
752 2052 832 2093 else
863 2062 1067 2097 autumo,
1095 2050 1268 2106 quando

175 2131 304 2170 Dicta
334 2129 520 2169 audietis
548 2141 665 2174 mea,
711 2126 830 2168 haurd
858 2128 981 2166 aliter
1011 2126 1057 2167 id
1090 2126 1257 2167 dicetis.

175 2204 423 2259 Auscultate
451 2211 702 2260 argumenta
733 2202 836 2242 dum
864 2202 962 2243 dico
992 2201 1045 2242 ad
1073 2203 1186 2242 hanc
1215 2212 1331 2243 rem:

176 2281 319 2321 Simul
350 2292 552 2335 gnarures
581 2291 660 2318 vos
692 2278 793 2318 volo
824 2276 905 2318 effe
931 2263 1045 2318 hanc
1071 2291 1163 2317 rem
1191 2270 1381 2333 mecum.

174 2355 314 2396 Aedes
347 2367 483 2411 quom
513 2353 728 2408 extemplo
759 2351 856 2394 sunt
885 2360 1081 2409 paratae,
1126 2338 1353 2407 expolitae,

174 2430 329 2471 Factae
360 2429 517 2485 probe,
551 2426 817 2473 examussim,

175 2505 375 2546 Laudant
404 2504 588 2550 fabrum,
621 2513 748 2558 atque
778 2501 904 2543 aedes
935 2499 1132 2555 probant.
1162 2498 1237 2538 fibi
1265 2500 1450 2556 quisque

174 2580 283 2623 Inde
311 2580 558 2635 exemplum
589 2587 818 2635 expetunt:
849 2578 925 2617 fibi
954 2575 1138 2631 quisque
1166 2574 1314 2621 fimile,

174 2655 264 2696 S‘uo
292 2669 429 2712 vsque
460 2654 658 2710 sumptu;
697 2665 853 2709 operae
878 2665 933 2692 ne
962 2659 1146 2706 parcunt
1173 2648 1285 2690 fuae.

174 2731 315 2788 Atque
344 2731 420 2773 vbi
451 2723 534 2771 illo'
556 2729 763 2787 inmigrat
791 2739 979 2785 nequam
1006 2725 1140 2766 homo
1169 2723 1506 2786 indiligensque.

1629 318 1693 389 2⁷5
1736 346 1738 348 -

1643 684 1697 722 80

1639 1759 1688 1789 10

1635 2134 1686 2176 ἲς

1544 2566 1547 2574 ,
1592 2555 1616 2582 „3
