1742 2924
201 162 295 206 370
705 144 1237 201 ΜοετειιᾼιιῑιΑ-εῗ
1280 159 1281 162 ’
1325 168 1328 183 ·

193 270 276 311 Pro
309 268 427 309 illius
462 267 755 323 capite‘quod
787 267 902 315 dedi,
934 273 1174 325 numquam
1205 285 1342 328 aeque
1362 275 1422 315 id
1456 277 1568 319 bene
1597 292 1717 322 con-¹

1075 347 1286 388 locaffem.
1644 363 1693 406 85

194 422 250 462 Vt
268 420 417 481 vldeas
437 432 533 460 eam
562 418 814 459 medullitus
844 432 916 459 me
940 420 1102 461 amare!
1137 420 1216 462 oh!
1245 424 1407 477 probus
1430 428 1564 472 homo
1585 431 1694 474 sum.

193 497 319 551 Quae
350 508 428 552 pro
457 510 529 554 me
557 494 726 535 causam
755 494 928 542 diceret,
971 508 1201 550 patronum
1233 500 1428 542 liberaui.

197 574 272 613 Sc.
303 571 436 612 Video
468 581 510 611 te
531 571 660 611 nihili
688 570 878 624 pendere
902 585 1001 626 prae
1028 573 1280 615 Philolache
1304 586 1456 619 omnes
1479 580 1696 624 homines.

190 648 334 693 Nunc,
367 660 422 700 ne
455 649 547 686 eius
579 645 700 686 causa
729 646 947 701 vapulem,
978 650 1060 688 tibi
1092 651 1236 703 potius
1267 637 1530 700 adsentabor,

190 724 238 764 si
285 723 516 778 adceptum
560 721 621 761 sat
669 721 826 769 habes,
882 723 967 763 tibi
1005 722 1099 764 fore
1143 727 1266 766 illum
1312 731 1501 770 amicum
1546 731 1699 789 sempi-

1071 809 1255 844 ternum.
1642 821 1697 860 9ο

190 879 284 918 ΡΗ.
317 874 439 916 Cedo
464 874 577 915 mihi
609 872 828 929 speculum
861 883 904 914 et
937 888 1037 915 cum
1065 879 1328 918 ornamentis
1364 883 1552 921 arculam
1586 894 1698 924 actu-

1071 962 1187 998 tum,
1224 953 1402 1007 Scapha,

190 1030 351 1071 Ornata
384 1036 434 1070 vt
459 1028 549 1074 fim,
580 1038 715 1081 quom
745 1025 833 1065 huc
863 1027 1010 1066 veniat
1034 1008 1322 1074 Philolaches,
1358 1031 1554 1084 voluptas
1586 1048 1696 1076 mea.

195 1105 270 1145 Sc.
309 1103 469 1144 Mulier
511 1115 621 1158 quae
661 1101 703 1141 se
741 1099 946 1156 suamque
980 1113 1163 1143 aetatem
1202 1102 1384 1159 speruit,
1444 1107 1614 1161 speculo
1656 1113 1698 1151 ei

1068 1179 1167 1219 vsus
1199 1178 1267 1219 est.

187 1256 307 1310 Quid
341 1254 476 1311 opu’st
512 1253 686 1310 speculo
728 1254 832 1299 tibi,
889 1264 998 1308 quae
1035 1260 1127 1292 tute
1172 1251 1345 1311 speculo
1387 1258 1607 1315 specujum
1651 1282 1696 1310 es

1068 1333 1355 1372 maxumum?

185 1409 329 1448 Pane..
364 1406 433 1448 Ob
457 1404 560 1446 istuc
580 1406 781 1451 verbum,
805 1417 859 1444 ne
889 1403 1198 1458 nequidquam;
1230 1405 1408 1461 Scapha,
1440 1420 1527 1453 tam
1552 1416 1697 1470 lepide

221 1526 226 1533 ·
1068 1478 1240 1526 dixeris,
1639 1505 1689 1543 93

182 1559 315 1599 Dabo*
336 1558 501 1612 aliquid
535 1556 667 1598 hodie
692 1557 773 1603 tibi
796 1556 952 1611 peculi.
981 1580 1038 1586 -——
1064 1556 1371 1596 Philematium
1395 1561 1512 1601 mea!

185 1635 277 1675 ΡΗ.
317 1633 406 1673 Suo
445 1634 604 1688 quique
632 1634 729 1673 loco
761 1632 918 1691 viden'.
936 1631 1114 1685 capillus
1146 1629 1243 1671 satis
1275 1636 1557 1690 compositu’st
1578 1652 1694 1681 com-

435 1751 439 1756 ,
1068 1705 1231 1746 mode?

190 1787 264 1827 Sc.
291 1786 373 1826 Vbi
396 1794 444 1826 tu
465 1784 695 1826 commoda
723 1796 783 1829 es,
813 1784 1019 1839 capillum
1044 1783 1325 1829 commodum
1350 1783 1429 1824 effe
1456 1789 1633 1831 credito.

184 1863 328 1902 Pnn„
371 1861 484 1908 Vah,
526 1859 632 1916 quid
671 1859 743 1898 illa
782 1868 886 1913 pote
934 1860 1058 1915 peius
1101 1859 1339 1914 quidquam
1379 1863 1559 1904 muliere
1601 1879 1689 1905 me-

1063 1934 1300 1976 morarier‘?

107 2013 110 2016 ’
179 2014 310 2054 Nunc
340 2011 599 2052 adsentatrix
628 2007 795 2049 scelesta
824 2009 894 2054 est,
927 2009 1095 2050 dudum
1131 2003 1390 2051 aduorsatrix
1419 2023 1518 2052 erat.
1610 2029 1686 2055 100

182 2090 273 2129 PH.
308 2087 427 2128 Cedo
450 2084 666 2127 ceruffam.
717 2086 790 2127 Sc.
822 2083 943 2139 Quid
967 2085 1125 2126 ceruffa
1157 2086 1279 2142 opusx
1302 2086 1438 2127 nam?
1478 2089 1570 2129 Pu.
1595 2090 1686 2145 Qui

1060 2161 1192 2200 malas
1221 2160 1425 2200 oblinam.

186 2242 260 2282 Sc.
293 2241 384 2280 Vna
414 2251 543 2292 opera
579 2239 685 2278 ebur
716 2244 953 2277 atramento
987 2234 1260 2275 candefacere
1288 2233 1486 2290 postules.

179 2319 324 2359 Pau.
346 2314 507 2371 Lepide
530 2314 698 2354 dictum
727 2313 781 2352 de
807 2320 1045 2353 atramento
1062 2321 1191 2364 atque
1209 2312 1358 2351 ebore:
1389 2323 1498 2365 euge
1523 2311 1683 2366 plaudo
1740 2345 1742 2350 Α

1058 2385 1260 2440 Scaphae.

178 2469 269 2509 PH.
303 2469 424 2508 Tum
458 2477 507 2507 tu
535 2465 667 2519 igitur
697 2463 804 2504 cedo
841 2461 1141 2518 purpurillum.
1210 2461 1283 2501 Sc.
1318 2459 1419 2498 Non
1449 2459 1529 2502 do:
1578 2459 1681 2503 scita

780 2536 782 2538 ’
1059 2548 1104 2575 es
1132 2543 1179 2575 tu
1211 2535 1439 2590 quidem?

175 2621 302 2661 Noua
336 2621 504 2675 pictura
531 2617 792 2671 interpolare
818 2616 885 2654 vis
915 2625 1024 2667 opus
1057 2610 1412 2665 lepidiffumum‘?
1602 2624 1676 2662 ¹05
1730 2655 1741 2698 ἰ

175 2696 275 2738 Νοη
306 2695 438 2735 istanc
469 2701 654 2734 aetatem
678 2699 847 2747 oportet
873 2690 1144 2744 pigmentum
1169 2686 1311 2726 vuum
1338 2686 1572 2742 adtingere,
1734 2702 1739 2752 ξ
