1742 2924
164 153 262 212 636
530 220 533 223 ψ
575 191 578 194 ⁴
782 164 1054 204 Poenvm

157 276 287 318 Neue
315 275 475 314 arbiter
505 271 566 314 sit.
606 287 708 314 nam
735 274 811 316 hic
843 277 950 317 latro
977 277 1023 315 in
1052 276 1200 332 Sparta
1227 276 1337 331 fuiti
1364 290 1377 294 “
1626 292 1678 332 ςο

157 353 214 402 Vt
241 352 421 408 quidem
454 348 543 404 ipse
572 346 698 391 nobis
733 351 865 397 dixit,
893 354 1008 407 apud
1042 367 1188 409 regem
1219 354 1423 409 Attalum.
1450 407 1453 410 ἱ

155 429 266 472 Inde
296 440 416 469 nunc
444 425 634 481 aufugit,
677 428 885 480 quoniam
918 430 1087 484 capitur
1118 429 1342 484 oppidum.

163 508 244 549 Co.
281 501 466 566 (secum)
506 503 646 543 Nimis
676 503 819 557 lepide
851 504 903 545 de
933 505 1113 549 latrone,
1145 505 1198 545 de
1228 506 1597 561 Sparta'optume.

154 585 244 626 Ly.
278 583 335 621 Di
366 580 557 634 deaeque
584 580 713 619 vobis
743 581 877 621 multa
909 581 1021 620 bona
1055 581 1183 629 dent,
1219 595 1356 636 quum
1386 581 1500 622 mihi
1613 577 1618 582 ’

150 659 209 700 Et
237 659 347 699 bene
375 655 647 712 praecipitis,
693 666 735 695 et
764 657 922 696 bonam
952 658 1155 710 praedam
1183 642 1309 699 datis.
1616 668 1664 707 ςς

149 735 249 780 AD·
277 735 432 778 humo,
463 740 511 771 vt
538 730 628 785 ipse
657 733 786 772 nobis
825 733 949 779 dixit,
980 747 1068 790 quo
1099 733 1277 773 adcures
1304 733 1458 788 magia,
1497 766 1501 772 .

146 812 389 852 Trecentos
418 821 624 848 nummos
654 808 878 863 Philippos
910 819 1053 863 portat
1082 809 1293 865 praesidii.

144 888 234 931 LY.
267 887 358 926 Rex
388 883 499 931 sum,
533 885 560 925 fi
590 897 671 939 ego
704 867 827 924 illum
857 885 990 924 hodie
1018 887 1245 928 hominem
1272 884 1326 925 ad
1352 897 1424 924 me
1448 881 1660 922 adlexero.

144 964 243 1007 AD.
270 963 390 1015 Quin
415 962 487 1002 hic
508 962 685 1017 quidem
706 971 805 1002 tuus
825 960 894 1002 est.
929 962 1011 1001 Lr.
1033 960 1221 1002 Obsecro
1243 961 1389 1001 hercle
1407 957 1659 1002 hortamini,

141 1042 199 1081 Vt
228 1038 480 1078 deuortatur
513 1036 566 1077 ad
597 1049 668 1076 me
709 1038 754 1077 in
783 1036 1023 1094 hospitium
1054 1046 1300 1094 optumum.
1603 1032 1657 1073 60
1734 1044 1742 1049 ⁷

137 1115 238 1161 AD·
267 1116 421 1168 Neque
451 1126 532 1154 nos
565 1114 748 1160 hortari,
775 1127 920 1170 neque
951 1113 1172 1154 dehortari
1205 1113 1329 1155 decet

136 1191 381 1232 Hominem
407 1189 711 1245 peregrinum:
754 1197 871 1229 tuam
901 1204 994 1230 rem
1027 1201 1074 1230 tu
1105 1204 1225 1246 ages,
1261 1189 1288 1228 fi
1319 1187 1445 1244 [apis.

135 1267 343 1312 Nos'tibi
371 1265 620 1320 palumbem
653 1264 704 1304 ad
735 1277 875 1305 aream
910 1278 1048 1320 vsque
1077 1266 1362 1306 adduximus:

131 1345 267 1386 Nune
295 1352 339 1382 te
368 1342 494 1382 illum
515 1341 682 1381 melius
712 1354 886 1396 capere,
917 1342 943 1380 fi
975 1351 1151 1396 captum
1181 1339 1262 1380 ess‘e
1288 1341 1368 1381 vis.

130 1421 220 1464 Lr.
239 1421 388 1459 Iamne
415 1415 521 1457 itis?
559 1416 637 1457 Co.
661 1415 795 1470 Quid,
819 1415 937 1471 quod
960 1415 1086 1456 vobis
1104 1414 1324 1463 mandam,
1346 1415 1567 1471 hospites?
1593 1417 1644 1469 65

129 1496 232 1540 An.
264 1494 381 1535 Cum
410 1493 512 1533 illoc
543 1500 587 1530 te
622 1491 780 1534 melius
811 1499 933 1533 tuam
962 1503 1053 1531 rem
1083 1489 1328 1533 adolescens
1358 1493 1493 1548 loqui.

125 1573 224 1617 Illic
252 1569 309 1611 est
339 1569 393 1610 ad
422 1567 517 1610 istas
543 1580 610 1607 res
638 1567 824 1622 probus,
854 1580 960 1622 quas
986 1568 1214 1623 quaeritas·

134 1650 216 1694 Co.
248 1646 496 1701 (aduocatis
517 1636 779 1706 itfigsu'rrat)
801 1642 958 1685 Videre
979 1644 1183 1699 equidem
1207 1657 1287 1684 vos
1310 1628 1642 1700 vellequuum
1730 1703 1735 1706 μ

1009 1720 1114 1760 huic
1145 1733 1297 1761 aurum
1329 1720 1487 1763 darem.
1543 1741 1547 1743 -
1716 1713 1722 1726 ⁴

123 1800 222 1847 An.
255 1792 486 1863 (submg'ffa
516 1810 625 1838 voce
655 1790 936 1857 respondent)
978 1795 1103 1837 Illinc
1134 1796 1289 1850 procul
1320 1809 1400 1838 nos
1433 1794 1538 1839 istuc
1571 1798 1635 1839 in·
1665 1787 1669 1791 ⁵
1739 1807 1742 1859 ζ

1005 1861 1308 1926 spectabimus.
1738 1867 1740 1875 Α

126 1954 207 2001 Co,
244 1952 416 1995 Bonam
456 1947 630 1991 dedistis
661 1947 777 1989 mihi
817 1959 1006 2004 operam.
1066 1947 1151 1989 Lr:
1185 1942 1365 2010 (secum)
1403 1947 1441 1988 It
1477 1946 1532 1987 ad
1561 1960 1634 1990 me
1737 1931 1742 1940 Α

1000 2022 1188 2064 lucrum.
1576 2035 1631 2071 70

122 2108 204 2149 Co.
235 2099 416 2167 (secum)
456 2098 571 2143 Illud
609 2096 803 2157 quidem,
833 2095 1040 2151 quorsum
1075 2098 1214 2137 annus
1246 2096 1388 2138 caedit
1423 2097 1627 2151 calcibum

112 2183 200 2225 Lr.
229 2178 396 2221 Blande
433 2176 661 2218 hominem
691 2173 976 2228 compellabo.
1007 2174 1160 2231 hospes
1190 2170 1405 2229 hospitem

110 2257 300 2300 Salutat:
338 2252 504 2295 saluom
532 2261 574 2291 te
606 2250 812 2290 aduenire
841 2249 1021 2303 gaudeo.

118 2334 199 2376 Co.
231 2330 370 2370 Multa
403 2327 486 2369 tibi
518 2325 576 2366 Di
605 2326 709 2366 dent
735 2326 881 2371 bona‚*
911 2337 1048 2378 quum
1077 2338 1148 2365 me
1176 2321 1342 2364 saluom
1370 2321 1452 2364 effe
1482 2324 1567 2366 vis.

105 2409 194 2454 Lr.
229 2404 480 2459 Hospitium
509 2411 552 2442 te
582 2402 705 2441 aiunt
737 2401 986 2455 quaeritare.
1025 2395 1128 2442 Ὀο.
1159 2400 1383 2452 Quaerito.
1566 2412 1618 2453 75

104 2485 193 2528 Lr.
222 2483 284 2525 Ita
312 2481 374 2522 illi
406 2479 632 2523 dixerunt,
660 2477 738 2535 qui
766 2477 871 2518 hinc
900 2488 921 2514 a
951 2489 1022 2516 me
1053 2476 1251 2516 abierunt
1279 2474 1424 2524 mode,

100 2559 169 2600 Te
199 2557 440 2615 quaeritare
470 2565 492 2592 a
521 2551 694 2595 muscis.
764 2552 844 2594 Co.
877 2550 1065 2591 Minime
1091 2550 1303 2605 gentium.

99 2623 332 2688 L‚‹·'Quid
354 2628 444 2672 ita?
473 2629 553 2670 Co.
570 2627 684 2682 Quia
707 2639 730 2665 a
748 2624 907 2667 muscis
926 2625 954 2666 fi
972 2625 1082 2666 mihi
1099 2623 1336 2680 hospitium
1353 2635 1616 2683 quaererem,
1686 2680 1689 2682 q

98 2709 351 2755 Adueniene
376 2706 466 2748 huc
491 2704 602 2746 irem
632 2703 679 2743 in
714 2714 929 2745 carcerem
956 2710 1070 2743 tecta
1102 2701 1186 2743 via.
