1742 2924
130 128 233 207 558*
310 162 311 168 ¹
661 156 664 159 “
733 161 1040 198 rszvnotr

125 269 218 309 Hos
247 265 478 323 fugitastis‚
510 265 730 323 Quirites,
765 267 964 310 subceffis
989 266 1132 313 bonis.¹

123 343 246 386 Huic
277 359 354 389 vos
386 358 506 386 nunc
535 342 695 401 pariter
721 340 896 393 bonam,
927 345 1049 394 boni,
1091 361 1263 403 operam
1294 351 1391 394 date
1420 352 1553 411 gregi,

123 420 214 480 Qui
240 425 382 478 bonus
412 419 482 468 est,
514 433 556 463 et
584 420 717 464 hodie
744 423 799 463 ad
826 422 967 464 bonos
996 423 1132 466 adfert
1162 426 1636 471 bona.10

124 505 275 547 Aures,
311 497 443 546 oculi,
475 497 660 547 animus,
695 497 893 556 ampliter
920 498 1027 541 fient
1057 498 1199 541 saturi.

120 579 174 619 In
202 578 386 616 Scenam
414 564 490 631 qui
520 573 694 616 ieiunus
722 572 892 615 venerit
926 587 999 616 aut
1032 574 1189 624 sitiens.

115 655 160 695 ‘Ie
194 651 282 692 risu
311 662 354 692 et
382 659 537 701 ventre
566 648 659 690 raso
689 647 889 706 vigilabit
921 648 1095 693 sedulo:

119 733 241 773 Dum
271 726 479 770 ridebunt
508 725 662 774 saturi,
704 726 970 768 mordebunt
995 727 1199 771 famelici.

120 810 254 851 Nunc
285 807 312 846 fi
338 803 509 859 sapitis,
544 799 686 843 cedite
715 800 854 843 ieiuni
893 815 1018 857 atque
1055 801 1278 846 discedite.
1586 824 1632 862 15

118 887 202 927 Vos
225 879 357 924 saturi
386 879 512 925 state,
553 876 691 918 immo
721 877 863 919 sedete
893 889 1020 936 atque
1050 879 1284 923 adtendite.

94 952 223 1004 vNon
251 966 583 1014 argumentum,
624 967 765 1015 nfque
793 952 927 996 huius‘
956 969 1119 996 nomen
1150 957 1333 999 Fabulae

117 1039 250 1081 Nunc
282 1035 514 1091 proloquar
545 1043 647 1085 ego:
688 1026 786 1068 satis
810 1026 856 1068 id
889 1029 1017 1073 faciet
1044 1032 1303 1078 Pseudolus:

118 1111 230 1155 Satis
257 1110 306 1150 id
339 1107 506 1150 dictum
532 1105 660 1150 vobis
689 1119 797 1163 puto
826 1105 914 1147 iam
949 1117 1077 1162 atque
1109 1109 1283 1165 deputo.
1479 1165 1482 1167 -
1522 1164 1524 1166 ‚

114 1192 200 1233 Vbi
227 1191 369 1243 lepos,
399 1183 511 1235 ioci,
537 1186 671 1235 risus,
701 1185 877 1233 vinum,
911 1183 1094 1226 ebrietas
1124 1187 1293 1236 decent.
1510 1234 1513 1235 ⁷
1581 1209 1632 1235 20

117 1264 310 1311 Gratiae,
340 1263 491 1306 decor,
528 1260 748 1310 hilaritas,
791 1274 918 1318 atque
949 1259 1191 1309 delectatio,

116 1340 209 1399 Qui
239 1335 407 1396 quaerit
437 1326 517 1376 alia
547 1335 636 1385 his,
674 1335 839 1378 malu'm
869 1335 1045 1378 videtur
1074 1352 1294 1394 quaerere.

115 1420 251 1460 curas
279 1414 415 1455 malas
445 1411 619 1473 abiicite
647 1410 760 1459 iam,
792 1421 842 1452 vt
872 1412 994 1454 otiofi
1026 1413 1172 1456 hodie

111 1490 307 1550 Exporgi
338 1488 519 1531 meliu⁷st
548 1488 745 1534 lumbos,
775 1497 905 1543 atque
931 1489 1157 1546 exsurgier.

42 1568 45 1576 ¹
108 1564 312 1614 Plautina
338 1568 469 1622 longa
498 1564 657 1606 Fabula
687 1560 736 1603 in
765 1565 953 1607 Scenam
980 1564 1116 1608 venit.
1577 1584 1626 1621 ²5

438 1738 737 1791 ACT'vs
798 1749 849 1790 1.,
913 1746 1207 1788 SCENA
1265 1749 1296 1788 1.

537 1848 702 1878 PSEVD
709 1848 852 1889 OLVS,
889 1848 1195 1880 CALIDORVS.

163 1934 209 1977 Si
241 1947 292 1975 ex
322 1944 366 1975 te
396 1943 566 1975 tacente
594 1931 685 1974 fieri
716 1934 878 1989 poffem
913 1933 1082 1982 certior,

102 1995 249 2059 Here,
281 2024 391 2067 quae
418 2007 614 2052 miseriae
645 2023 686 2052 te
714 2020 802 2051 tam
832 2007 984 2050 misere
1013 2021 1244 2058 macerant,

104 2092 305 2131 Duorum
334 2083 469 2126 labori
498 2101 578 2142 ego
610 2083 843 2127 hominum
873 2085 1084 2140 parliffem
1114 2086 1283 2130 lubens.

104 2164 198 2209 Mei
228 2176 272 2206 te
300 2161 506 2219 rogandi,
547 2173 589 2202 et
616 2159 682 2201 tui
709 2158 998 2216 respondendi
1029 2155 1155 2199 mihi.

100 2245 259 2289 Nunc,
288 2237 497 2297 quoniam
525 2236 572 2277 id
600 2235 693 2278 fieri
721 2250 811 2277 non
841 2236 998 2292 potest,
1037 2234 1254 2276 necessitas
1590 2254 1609 2290 5

100 2319 178 2359 Me
209 2313 412 2371 subigit„
434 2323 483 2354 vt
516 2324 559 2353 te
589 2310 790 2367 rogitem.
823 2312 1035 2369 responde
1063 2310 1197 2352 mihi:

102 2393 225 2451 Quid
252 2393 331 2440 est,
371 2389 492 2446 quod
522 2400 570 2430 tu
599 2386 867 2429 exanimatus
897 2386 985 2428 iam
1014 2390 1093 2430 hos
1121 2389 1283 2428 multos
1313 2383 1405 2427 dies

104 2468 247 2509 Gestae
274 2467 451 2506 tabellas
485 2474 657 2513 tecum,
700 2478 769 2504 eas
802 2462 1002 2510 lacrumis
1034 2462 1157 2511 lauis,
1203 2460 1206 2463 *

101 2545 256 2598 Neque
285 2538 351 2581 tui
378 2538 636 2595 participem
666 2538 831 2581 consilii
860 2552 1124 2595 quemquam
1154 2538 1306 2593 facis?

101 2621 340 2674 Eloquere,
374 2626 442 2662 vt,
484 2616 602 2670 quod
632 2628 710 2669 ego
741 2612 907 2662 nescio,
939 2612 987 2654 id
1016 2624 1161 2655 tecum
1186 2614 1331 2659 sciam.
1450 2643 1452 2649 ι
1519 2640 1529 2647 ν
1562 2633 1609 2660 10
1639 2619 1643 2620 ⁷

109 2694 196 2738 CAss
228 2691 386 2735 Misere
411 2688 539 2734 miser
570 2690 689 2739 sum,
720 2688 952 2734 Pseudole!
1012 2693 1090 2733 Pe.
1121 2692 1174 2732 'Id
1202 2703 1246 2734 te
1273 2689 1434 2748 Iupiter
