1742 2924
166 141 260 196 52⁹0
609 168 619 177 =
707 143 1124 191 mencaronrs

155 259 285 301 'Visus
312 259 381 302 est.
444 268 524 303 Ac.
556 261 679 309 Non,
718 261 791 302 sed
829 262 1041 304 credebat.
1109 263 1196 304 ΕΗ.
1225 264 1309 304 Vae
1335 267 1458 333 'mihi
1496 263 1667 314 misero,

1067 339 1211 379 nullus
1240 337 1356 381 sum!

164 408 249 450 Sed
278 410 383 466 quid
404 424 484 466 ego
502 413 608 452 hic
597 427 641 452 in
665 414 942 455 lamentando
962 427 1104 469 pereo,
1126 414 1179 454 ad
1199 417 1347 455 nauim
1367 428 1456 456 non
1477 416 1562 457 eo?
1593 422 1664 466 ίος

164 484 367 540 Sequere.
415 490 496 529 Ae.
523 487 569 527 Si
603 487 700 528 istac
730 490 828 535 ibis,
857 490 1139 530 commodum
1168 491 1341 531 obuiam
1363 493 1514 531 venies
1540 493 1668 547 patri.

161 560 441 618 Posteaquam
461 562 668 618 adspiciet
685 574 728 604 te
753 564 959 606 timidum
978 565 1057 606 effe
1081 575 1208 620 atque
1228 567 1536 645 exanimatum,
1549 568 1669 608 inico

161 636 398 685 Retinebit‚
429 640 644 694 rogitabit,
675 639 792 679 vnde
823 640 939 679 illam
967 643 1136 688 emeris,
1158 643 1310 696 quanti
1343 643 1520 682 emeris.

162 711 392 753 Timidum
416 716 599 756 tentabit
622 726 677 756 te
733 717 822 758 Cn.
854 717 1004 773 Quin
1004 718 1084 758 hac
1114 718 1187 758 ibo
1215 719 1375 773 potius.
1408 718 1514 757 iam
1525 715 1670 758 censes

1065 797 1233 842 patrem
1503 827 1506 830 .

162 855 320 895 Abiiffe
345 869 369 896 a
389 857 548 911 portu?
586 861 668 900 Ac.
694 859 816 914 Quin
838 874 886 901 ea
906 875 985 917 ego
1011 862 1100 902 huc
1115 863 1388 916 praecsscurri
1410 861 1555 915 gratia,
1594 872 1669 899 110

162 930 230 972 Ne
245 940 298 973 ·te
321 934 588 992 obprimeret
620 936 939 991 inprudentem,
963 948 1091 994 atque
1111 926 1324 979 electeret.
1354 938 1446 978 Cn.
1465 936 1686 992 Optume.-
1708 934 1712 939 ’

529 1115 788 1158 ACTVS
839 1120 904 1160 11.
964 1118 1224 1161 SCE‘NA
1272 1109 1320 1160 Ι.Δ

765 1229 1080 1259 DEMIPHO.

218 1321 347 1363 Miris
377 1325 521 1365 modis
548 1326 622 1364 Dii
651 1326 777 1367 ludos
808 1326 974 1366 faciunt
1002 1327 1270 1372 hominibus,

162 1396 379 1453 Mirisque
409 1402 614 1456 exemplis
645 1401 809 1443 somnia
840 1404 886 1441 in
916 1401 1095 1442 somniis
1125 1401 1313 1441 dan-unt:

161 1472 290 1512 Velut
321 1488 399 1529 ego
430 1486 559 1516 nocte
585 1479 686 1525 hac,
719 1491 829 1533 quae
857 1478 1097 1530 praeteriit,
1129 1477 1341 1532 prox'uma

161 1549 213 1589 In
242 1550 401 1592 somnis
433 1555 501 1608 egi
534 1552 656 1600 satis,
687 1563 730 1593 et
761 1553 825 1594 fui
856 1555 990 1594 homo
1019 1553 1243 1594 exercitus.

162 1624 355 1667 Mercari
379 1627 497 1669 visus
531 1630 644 1669 mihi
675 1629 768 1670 sum
803 1628 1034 1670 formosam
1064 1640 1249 1682 capram,
1308 1635 1325 1651 ’“
1436 1630 1439 1632 ’
1650 1642 1669 1678 5

160 1701 215 1740 Ei
250 1715 305 1742 ne
335 1714 535 1751 noceret,
576 1718 707 1761 quam
741 1706 862 1745 domi
898 1712 996 1744 ante
1027 1703 1161 1743 habui
1192 1714 1375 1755 capram,

161 1777 260 1817 Neu
292 1767 609 1827 discordarent,
648 1781 674 1820 fi
706 1781 834 1821 ambo
869 1782 916 1819 in
945 1792 1032 1819 vno
1063 1777 1194 1817 effent
1221 1778 1341 1823 loco;

161 1852 375 1894 Posterius
406 1868 536 1910 quarn
562 1865 777 1896 mercatus
810 1856 1001 1901 fueram,
1031 1852 1147 1894 'visus
1178 1851 1275 1892 sum
1340 1864 1341 1868 ¹

162 1929 211 1968 In
243 1929 474 1970 custodiam
506 1944 599 1971 eam
628 1929 1091 1972 Simiaeroncredere.

162 2002 225 2042 Ea
254 2003 387 2043 Simia
418 2005 527 2046 adeo
557 2006 648 2062 post
677 2006 796 2046 haud
824 2007 964 2046 multo
995 2005 1049 2045 ad
1079 2017 1150 2044 me
1176 2005 1313 2052 venit,
1622 2020 1672 2047 ιο

95 2109 97 2112 -
163 2078 280 2119 Male
310 2081 419 2118 mihi
452 2091 660 2135 precatur,
691 2092 732 2122 et
762 2081 867 2122 facit
895 2081 1170 2123 conuitium:

162 2145 260 2201 Ait,
280 2153 366 2196 sese
399 2156 516 2196 illius
550 2171 675 2212 opera
703 2167 830 2211 atque
862 2155 1053 2195 aduentu
1087 2166 1238 2209 caprae
1279 2172 1290 2177 κ

163 2230 399 2286 Flagitium
435 2242 475 2271 et
507 2231 715 2273 damnum
745 2231 886 2273 scciffe
918 2230 1037 2270 haud
1064 2228 1353 2271 mediocriter.

165 2306 288 2347 Dicit
315 2319 506 2362 capram,
538 2321 669 2363 qnam
699 2308 899 2348 dederam
929 2304 1179 2345 seruandam
1208 2303 1300 2350 fibi,

169 2379 281 2432 Suae
314 2382 457 2421 vxoris
490 2381 637 2422 dotem
672 2380 972 2422 ambadediffe.
1003 2377 1165 2435 oppido
1596 2389 1670 2427 ¹15

165 2453 282 2512 Mihi
313 2457 422 2495 illud
454 2456 590 2495 videri
622 2460 806 2505 mirum,
836 2465 885 2497 vt
907 2468 992 2495 vna
1022 2454 1144 2493 illaec
1177 2463 1300 2513 capra

167 2528 318 2569 onris
351 2531 511 2571 Simiae
542 2532 689 2572 dotem
729 2530 1042 2578 ambadederit.

168 2603 326 2648 Instare
356 2605 518 2647 sactum
549 2607 705 2648 Simia:
738 2616 866 2663 atque
893 2607 979 2646 hoc
1008 2604 1196 2660 denique

167 2678 437 2736 Respondet,
467 2682 513 2721 ui
543 2693 772 2738 properem
804 2683 923 2722 illam
953 2682 1004 2722 ab
1033 2668 1377 2725 rese'abducere,
