1742 2924
209 191 302 239 718
480 172 484 173 ⁷
617 212 649 227 a
798 191 1122 236 Rvnenris

206 306 301 347 Nec
324 315 372 346 te
402 305 563 345 aleator
591 304 705 345 vllus
732 305 789 346 est
819 306 1062 362 sapientior.
1093 305 1288 364 profecto
1351 364 1354 365 ⁷

206 381 352 422 Nimis
381 379 525 434 lepide
555 379 689 422 iecisti
719 383 894 424 bolum:
934 385 1159 439 periurum
1189 364 1422 438 perdidisti.
1483 402 1485 406 ’
1536 429 1539 431 ,
1666 401 1720 438 30

208 456 442 497 Sed-nunc
471 456 549 494 vbi
572 455 638 495 'est
666 457 765 496 leno
789 458 984 500 Labrax?
1042 464 1134 501 ΑΜ.
1166 458 1515 514 Perit.potando‚
1547 463 1717 519 opinor.

200 534 438 588 Neptunus
466 534 637 587 magnis
677 534 845 587 poculis
874 535 956 575 hac
983 546 1112 576 nocte
1142 547 1244 575 eum
1276 536 1496 598 intiitauit7

211 588 480 654 Tn.'Credo,
522 609 689 656 hercle,
737 622 952 652 anancaeo
993 611 1143 651 datum
1187 610 1307 666 quod
1345 611 1528 655 biberet.
1561 624 1612 655 vt
1639 603 1719 670 ego

1093 699 1193 726 amo
1225 697 1280 733 te,
1739 682 1742 690 '

200 758 305 799 Mea
335 753 593 812 Ampelisca!
626 767 675 797 vt
703 757 842 800 dulcis
874 756 940 800 es!
983 769 1032 799 vt
1057 760 1192 801 mulsa
1225 762 1340 802 dicta
1365 759 1497 803 dicis!

206 834 291 875 Sed
320 844 369 874 tu
393 842 435 873 et
453 831 655 874 Palaestra
681 835 902 889 quomodo
922 836 1060 877 saluae
1080 837 1206 878 estis?
1242 842 1333 879 Am.
1354 837 1495 878 Scibis
1521 837 1633 881 faxo.
1667 855 1716 891 35

201 910 239 950 E
270 910 374 950 naui
399 908 578 949 timidae
602 910 753 949 ambae
778 913 823 952 in
854 911 1049 967 scapham
1077 913 1339 954 infiluimus:
1376 915 1476 968 quia
1501 909 1742 964 videmus‚'

205 984 272 1027 Ad
306 983 396 1025 saxa
426 997 587 1024 nauem
617 983 782 1033 ferrier,
815 1001 1048 1043 properans
1078 986 1242 1028 exsolui
1270 987 1436 1029 restim:

200 1061 322 1102 Dum
352 1061 416 1102 illi
444 1061 614 1106 timent,
647 1074 729 1100 nos
759 1074 858 1103 cum
892 1062 1045 1118 scapha
1074 1063 1298 1119 tempestas
1337 1064 1665 1108 dextrouorsum

202 1135 362 1177 Differt
392 1137 443 1176 ab
470 1136 574 1180 -iuis,
604 1137 750 1191 itaque
775 1150 855 1178 nos
882 1139 1112 1194 ventisque
1143 1122 1434 1196 fluctibusque

205 1199 389 1253 Iactatae
419 1211 628 1266 exemplis
658 1213 862 1265 pluri-mis
890 1213 1068 1255 miserae
1102 1226 1357 1271 perpetuam
1385 1225 1574 1262 noctem,
1627 1261 1629 1264 ,
1668 1229 1723 1268 4ο

202 1288 282 1328 Vix
311 1287 444 1328 hodie
478 1286 531 1327 ad
560 1286 661 1326 litus
691 1289 868 1342 pertulit
900 1302 979 1331 nos
1016 1300 1176 1330 ventus
1205 1294 1483 1332 exanimatas.

209 1363 284 1402 Ta.
317 1362 457 1408 Noui,
488 1363 719 1416 Neptunus
746 1365 804 1404 ita
834 1363 963 1412 solet3
1004 1367 1204 1420 quamuis
1231 1366 1469 1406 fastidiosus

206 1438 371 1479 Aedilis
403 1437 480 1478 est:
524 1438 550 1477 fi
581 1452 691 1493 quae
724 1440 931 1493 inprobae
959 1439 1059 1480 sunt
1088 1454 1277 1488 merces,
1308 1443 1436 1481 iactat
1465 1454 1632 1482 omnes.

174 1500 179 1504 ⁷
205 1518 300 1556 AM.
331 1514 415 1553 Vae
440 1514 573 1566 capiti
606 1523 734 1567 atque
764 1516 893 1554 aetati
927 1514 1051 1556 tuae!
1099 1516 1171 1556 Ta.
1202 1518 1315 1562 Tuo,
1343 1530 1438 1567 mea
1459 1514 1718 1573 Ampelisca!

203 1586 322 1629 Sciui
351 1589 557 1629 lenonem
586 1586 724 1628 facere
754 1590 862 1637 hoc,
895 1591 1014 1646 quod
1045 1590 1172 1639 fecit;
1205 1590 1327 1647 saepe
1356 1591 1468 1633 dixi!
1663 1607 1714 1643 45

201 1664 419 1719 Capillum
449 1663 724 1718 promittam,
763 1665 1067 1719 optumum'st,
1111 1667 1418 1723 obcipiamque
1447 1668 1662 1708 hariolari.

202 1744 297 1783 AM.
328 1738 510 1780 Cauistis
541 1752 641 1793 ergo
671 1749 720 1779 tu
745 1749 874 1795 atque
905 1742 1048 1789 herus,
1080 1756 1135 1783 ne
1162 1744 1311 1787 abiret,
1345 1756 1481 1796 quum
1511 1742 1717 1784 scibatis‘?

206 1817 281 1863 Ta.
295 1816 415 1870 Quid
433 1814 621 1856 faceret?
634 1820 726 1857 AM.
741 1816 785 1854 Si
802 1818 982 1864 amabat,
995 1831 1132 1874 rogas,
1144 1818 1251 1872 quid
1270 1817 1457 1858 faceret?
1477 1817 1715 1861 adseruaret

199 1892 304 1931 Dies
338 1899 594 1946 noctesque:
639 1892 686 1929 in
719 1890 907 1931 custodia
938 1893 1037 1932 effet
1066 1892 1243 1947 semper.
1276 1907 1427 1934 verum
1459 1894 1630 1941 ecastor,

199 1968 255 2006 Vt
282 1967 433 2011 multi,
467 1964 594 2012 fecit.
627 1967 685 2006 ita
714 1968 848 2021 probe
878 1969 1044 2009 curauit
1068 1970 1378 2025 Pleuiidippus.
1662 1983 1714 2018 50

193 2043 278 2083 Ta.
299 2040 387 2082 Cur
407 2051 455 2081 tu
476 2039 583 2081 istuc
604 2042 746 2082 dicis?
777 2046 870 2083 AM.
889 2044 973 2084 Res
990 2045 1131 2100 palam
1155 2044 1224 2084 est.
1264 2045 1334 2084 Tu.
1349 2044 1463 2084 Scin'
1481 2054 1527 2084 tu
1550 2043 1713 2085 etiam?

639 2174 644 2176 4
1088 2122 1165 2175 qui
1201 2121 1235 2159 it
1264 2121 1457 2159 lanatum

197 2193 248 2231 In
278 2190 485 2236 balineas,
518 2190 582 2228 ibi
609 2205 744 2245 quum
778 2191 927 2236 sedulo
957 2192 1028 2233 sua
1055 2194 1490 2239 vestimenta'seruat,

197 2267 368 2306 Tamen
395 2264 720 2321 subripiuntur;
772 2270 932 2325 quippe
978 2271 1076 2325 qui,
1121 2283 1250 2325 quem
1291 2270 1464 2310 illorum
1500 2267 1710 2316 obseruet,

1082 2344 1212 2385 falsus
1255 2344 1323 2385 est.

195 2419 282 2475 Fur
307 2418 449 2465 facile,
482 2432 614 2474 quem
643 2417 854 2467 obstruet,
891 2421 1038 2461 videt:
1077 2419 1226 2466 custos,
1261 2421 1338 2473 qui
1368 2419 1437 2460 fur
1467 2423 1525 2468 fit,
1559 2421 1708 2464 nescit.

199 2495 284 2535 Sed
308 2494 417 2535 duce
441 2487 512 2535 me
538 2496 592 2535 ad
614 2497 744 2537 illam.
767 2497 844 2536 vbi
866 2496 954 2540 est?
991 2500 1083 2537 AM.
1114 2496 1132 2534 1
1154 2493 1251 2534 sane
1282 2495 1329 2533 in
1354 2482 1533 2538 Veneris
1556 2498 1709 2538 fanum

1086 2570 1176 2609 huc
1209 2571 1338 2618 intro,
1657 2586 1704 2622 55

199 2642 431 2687 ,Sedentem
460 2641 723 2698 flentemque
754 2644 984 2699 obprimes.
1016 2652 1021 2658 ‘
1047 2645 1119 2684 Tu.
1147 2645 1201 2683 Vt
1233 2647 1317 2685 iam
1350 2646 1455 2688 istuc
1483 2648 1593 2689 mihi
1618 2660 1707 2688 mo-

1064 2720 1067 2724 ’
1089 2715 1239 2763 leffium
1269 2719 1348 2761 est!
