<?xml version="1.0" encoding="UTF-8"?>
<!DOCTYPE html PUBLIC "-//W3C//DTD XHTML 1.0 Transitional//EN"
    "http://www.w3.org/TR/xhtml1/DTD/xhtml1-transitional.dtd">
<html xmlns="http://www.w3.org/1999/xhtml" xml:lang="en" lang="en">
 <head>
  <title>
</title>
<meta http-equiv="Content-Type" content="text/html;charset=utf-8" />
  <meta name='ocr-system' content='tesseract 3.04.00' />
  <meta name='ocr-capabilities' content='ocr_page ocr_carea ocr_par ocr_line ocrx_word'/>
</head>
<body>
  <div class='ocr_page' id='page_1' title='image "./commentariusperp02plauuoft_0502.png"; bbox 0 0 1742 2924; ppageno 0'>
   <div class='ocr_carea' id='block_1_1' title="bbox 151 133 1171 189">
    <p class='ocr_par' dir='ltr' id='par_1_1' title="bbox 151 133 1171 189">
     <span class='ocr_line' id='line_1_1' title="bbox 151 133 1171 189; baseline -0.007 -5"><span class='ocrx_word' id='word_1_1' title='bbox 151 138 243 189; x_wconf 81' lang='grc'><strong>498</strong></span> <span class='ocrx_word' id='word_1_2' title='bbox 645 142 850 179; x_wconf 66' lang='lat' dir='ltr'><strong>muns</strong></span> <span class='ocrx_word' id='word_1_3' title='bbox 888 133 1171 189; x_wconf 40' lang='lat' dir='ltr'><strong>sotoaxosi‘</strong></span> 
     </span>
    </p>
   </div>
   <div class='ocr_carea' id='block_1_2' title="bbox 150 249 1730 2703">
    <p class='ocr_par' dir='ltr' id='par_1_2' title="bbox 150 249 1661 306">
     <span class='ocr_line' id='line_1_2' title="bbox 150 249 1661 306; baseline 0.004 -14"><span class='ocrx_word' id='word_1_4' title='bbox 150 252 238 292; x_wconf 84' lang='lat' dir='ltr'><strong>Nifi</strong></span> <span class='ocrx_word' id='word_1_5' title='bbox 268 252 401 294; x_wconf 88' lang='lat' dir='ltr'><strong>modo</strong></span> <span class='ocrx_word' id='word_1_6' title='bbox 423 264 560 292; x_wconf 84' lang='lat' dir='ltr'><strong>vnum</strong></span> <span class='ocrx_word' id='word_1_7' title='bbox 577 251 687 293; x_wconf 85' lang='lat' dir='ltr'><strong>hoc:</strong></span> <span class='ocrx_word' id='word_1_8' title='bbox 717 252 845 292; x_wconf 85' lang='lat' dir='ltr'><strong>hasce</strong></span> <span class='ocrx_word' id='word_1_9' title='bbox 865 249 945 292; x_wconf 85' lang='lat' dir='ltr'><strong>effe</strong></span> <span class='ocrx_word' id='word_1_10' title='bbox 965 249 1091 291; x_wconf 81' lang='lat' dir='ltr'><strong>aedes</strong></span> <span class='ocrx_word' id='word_1_11' title='bbox 1119 249 1237 291; x_wconf 83' lang='lat' dir='ltr'><strong>dicas</strong></span> <span class='ocrx_word' id='word_1_12' title='bbox 1265 249 1418 293; x_wconf 64' lang='lat' dir='ltr'><strong>dotalis</strong></span> <span class='ocrx_word' id='word_1_13' title='bbox 1444 261 1564 296; x_wconf 70' lang='lat' dir='ltr'><strong>tuan:</strong></span> <span class='ocrx_word' id='word_1_14' title='bbox 1608 267 1661 306; x_wconf 70' lang='lat'><strong>30</strong></span> 
     </span>
    </p>

    <p class='ocr_par' dir='ltr' id='par_1_3' title="bbox 154 323 1548 382">
     <span class='ocr_line' id='line_1_3' title="bbox 154 323 1548 382; baseline 0.003 -15"><span class='ocrx_word' id='word_1_15' title='bbox 154 328 272 368; x_wconf 89' lang='lat' dir='ltr'><strong>Hinc</strong></span> <span class='ocrx_word' id='word_1_16' title='bbox 300 326 446 367; x_wconf 82' lang='lat' dir='ltr'><strong>senem</strong></span> <span class='ocrx_word' id='word_1_17' title='bbox 474 328 548 368; x_wconf 75' lang='lat' dir='ltr'><strong>aba</strong></span> <span class='ocrx_word' id='word_1_18' title='bbox 578 337 619 371; x_wconf 88' lang='lat' dir='ltr'><strong>te</strong></span> <span class='ocrx_word' id='word_1_19' title='bbox 652 328 818 374; x_wconf 82' lang='lat' dir='ltr'><strong>abiiffe,</strong></span> <span class='ocrx_word' id='word_1_20' title='bbox 847 325 1069 382; x_wconf 85' lang='lat' dir='ltr'><strong>postquam</strong></span> <span class='ocrx_word' id='word_1_21' title='bbox 1097 323 1249 366; x_wconf 85' lang='lat' dir='ltr'><strong>feceris</strong></span> <span class='ocrx_word' id='word_1_22' title='bbox 1281 325 1548 371; x_wconf 81' lang='lat' dir='ltr'><strong>diuortium=</strong></span> 
     </span>
    </p>

    <p class='ocr_par' dir='ltr' id='par_1_4' title="bbox 153 385 1408 459">
     <span class='ocr_line' id='line_1_4' title="bbox 153 385 1408 459; baseline -0.001 -15"><span class='ocrx_word' id='word_1_23' title='bbox 153 404 220 444; x_wconf 87' lang='lat' dir='ltr'><strong>Ne</strong></span> <span class='ocrx_word' id='word_1_24' title='bbox 250 405 322 444; x_wconf 82' lang='lat' dir='ltr'><strong>ille</strong></span> <span class='ocrx_word' id='word_1_25' title='bbox 351 418 453 444; x_wconf 89' lang='lat' dir='ltr'><strong>mox</strong></span> <span class='ocrx_word' id='word_1_26' title='bbox 482 412 681 443; x_wconf 76' lang='lat' dir='ltr'><strong>vereatur</strong></span> <span class='ocrx_word' id='word_1_27' title='bbox 706 385 887 442; x_wconf 78' lang='lat' dir='ltr'><strong>introire</strong></span> <span class='ocrx_word' id='word_1_28' title='bbox 918 401 964 440; x_wconf 88' lang='lat' dir='ltr'><strong>in</strong></span> <span class='ocrx_word' id='word_1_29' title='bbox 993 402 1176 459; x_wconf 76' lang='lat' dir='ltr'><strong>alienam</strong></span> <span class='ocrx_word' id='word_1_30' title='bbox 1213 401 1408 450; x_wconf 78' lang='lat' dir='ltr'><strong>domum.</strong></span> 
     </span>
    </p>

    <p class='ocr_par' dir='ltr' id='par_1_5' title="bbox 157 476 1663 535">
     <span class='ocr_line' id='line_1_5' title="bbox 157 476 1663 535; baseline -0.001 -14"><span class='ocrx_word' id='word_1_31' title='bbox 157 484 241 522; x_wconf 84' lang='lat' dir='ltr'><strong>Ac.</strong></span> <span class='ocrx_word' id='word_1_32' title='bbox 265 481 387 520; x_wconf 78' lang='lat' dir='ltr'><strong>Bene</strong></span> <span class='ocrx_word' id='word_1_33' title='bbox 407 491 573 520; x_wconf 85' lang='lat' dir='ltr'><strong>mones.</strong></span> <span class='ocrx_word' id='word_1_34' title='bbox 605 479 692 519; x_wconf 73' lang='grc' dir='ltr'><strong>ΡΑ.</strong></span> <span class='ocrx_word' id='word_1_35' title='bbox 711 477 795 517; x_wconf 87' lang='lat' dir='ltr'><strong>Sed</strong></span> <span class='ocrx_word' id='word_1_36' title='bbox 816 477 891 517; x_wconf 86' lang='lat' dir='ltr'><strong>vbi</strong></span> <span class='ocrx_word' id='word_1_37' title='bbox 917 477 989 515; x_wconf 87' lang='lat' dir='ltr'><strong>ille</strong></span> <span class='ocrx_word' id='word_1_38' title='bbox 1009 478 1158 517; x_wconf 86' lang='lat' dir='ltr'><strong>exierit</strong></span> <span class='ocrx_word' id='word_1_39' title='bbox 1179 478 1312 524; x_wconf 83' lang='lat' dir='ltr'><strong>intus,</strong></span> <span class='ocrx_word' id='word_1_40' title='bbox 1335 476 1425 518; x_wconf 86' lang='lat' dir='ltr'><strong>istic</strong></span> <span class='ocrx_word' id='word_1_41' title='bbox 1444 489 1486 519; x_wconf 87' lang='lat' dir='ltr'><strong>te</strong></span> <span class='ocrx_word' id='word_1_42' title='bbox 1510 480 1663 535; x_wconf 79' lang='lat' dir='ltr'><strong>procul</strong></span> 
     </span>
    </p>

    <p class='ocr_par' dir='ltr' id='par_1_6' title="bbox 153 548 1593 607">
     <span class='ocr_line' id='line_1_6' title="bbox 153 548 1593 607; baseline -0.001 -11"><span class='ocrx_word' id='word_1_43' title='bbox 153 558 217 596; x_wconf 84' lang='lat' dir='ltr'><strong>Ita</strong></span> <span class='ocrx_word' id='word_1_44' title='bbox 248 558 349 598; x_wconf 85' lang='lat' dir='ltr'><strong>volo</strong></span> <span class='ocrx_word' id='word_1_45' title='bbox 373 555 623 599; x_wconf 76' lang='lat' dir='ltr'><strong>adfimilare,</strong></span> <span class='ocrx_word' id='word_1_46' title='bbox 647 565 749 607; x_wconf 83' lang='lat' dir='ltr'><strong>prae</strong></span> <span class='ocrx_word' id='word_1_47' title='bbox 780 553 897 592; x_wconf 82' lang='lat' dir='ltr'><strong>illius</strong></span> <span class='ocrx_word' id='word_1_48' title='bbox 927 550 1080 598; x_wconf 81' lang='lat' dir='ltr'><strong>forma,</strong></span> <span class='ocrx_word' id='word_1_49' title='bbox 1116 554 1227 607; x_wconf 82' lang='lat' dir='ltr'><strong>quafi</strong></span> <span class='ocrx_word' id='word_1_50' title='bbox 1259 551 1432 607; x_wconf 77' lang='lat' dir='ltr'><strong>spernas</strong></span> <span class='ocrx_word' id='word_1_51' title='bbox 1459 548 1593 602; x_wconf 66' lang='lat' dir='ltr'><strong>tuam,</strong></span> 
     </span>
    </p>

    <p class='ocr_par' dir='ltr' id='par_1_7' title="bbox 158 628 1658 688">
     <span class='ocr_line' id='line_1_7' title="bbox 158 628 1658 688; baseline -0.004 -16"><span class='ocrx_word' id='word_1_52' title='bbox 158 632 370 688; x_wconf 75' lang='lat' dir='ltr'><strong>Quasique</strong></span> <span class='ocrx_word' id='word_1_53' title='bbox 396 632 487 672; x_wconf 84' lang='lat' dir='ltr'><strong>eius</strong></span> <span class='ocrx_word' id='word_1_54' title='bbox 520 629 853 683; x_wconf 80' lang='lat' dir='ltr'><strong>opulentitatem</strong></span> <span class='ocrx_word' id='word_1_55' title='bbox 880 628 1144 674; x_wconf 80' lang='lat' dir='ltr'><strong>reuerearis‚</strong></span> <span class='ocrx_word' id='word_1_56' title='bbox 1177 636 1220 668; x_wconf 88' lang='lat' dir='ltr'><strong>et</strong></span> <span class='ocrx_word' id='word_1_57' title='bbox 1247 628 1368 668; x_wconf 81' lang='lat' dir='ltr'><strong>fimul</strong></span> <span class='ocrx_word' id='word_1_58' title='bbox 1609 642 1658 680; x_wconf 84' lang='lat'><strong>35</strong></span> 
     </span>
    </p>

    <p class='ocr_par' dir='ltr' id='par_1_8' title="bbox 155 701 1413 759">
     <span class='ocr_line' id='line_1_8' title="bbox 155 701 1413 759; baseline -0.005 -11"><span class='ocrx_word' id='word_1_59' title='bbox 155 702 660 748; x_wconf 82' lang='lat' dir='ltr'><strong>Formam&#39;amoenitatis</strong></span> <span class='ocrx_word' id='word_1_60' title='bbox 689 703 830 759; x_wconf 46' lang='lat' dir='ltr'><strong>issiu&amp;</strong></span> <span class='ocrx_word' id='word_1_61' title='bbox 861 701 1042 750; x_wconf 85' lang='lat' dir='ltr'><strong>faciem,</strong></span> <span class='ocrx_word' id='word_1_62' title='bbox 1071 703 1413 759; x_wconf 84' lang='lat' dir='ltr'><strong>pulcritudinem</strong></span> 
     </span>
    </p>

    <p class='ocr_par' dir='ltr' id='par_1_9' title="bbox 158 777 1666 833">
     <span class='ocr_line' id='line_1_9' title="bbox 158 777 1666 833; baseline -0.005 -9"><span class='ocrx_word' id='word_1_63' title='bbox 158 783 445 824; x_wconf 80' lang='lat' dir='ltr'><strong>Conlaudato.</strong></span> <span class='ocrx_word' id='word_1_64' title='bbox 473 779 592 821; x_wconf 83' lang='lat' dir='ltr'><strong>satin’</strong></span> <span class='ocrx_word' id='word_1_65' title='bbox 612 777 966 833; x_wconf 74' lang='lat' dir='ltr'><strong>praeceptum’st?</strong></span> <span class='ocrx_word' id='word_1_66' title='bbox 996 782 1080 820; x_wconf 84' lang='lat' dir='ltr'><strong>Ac.</strong></span> <span class='ocrx_word' id='word_1_67' title='bbox 1099 780 1264 820; x_wconf 89' lang='lat' dir='ltr'><strong>Teneo.</strong></span> <span class='ocrx_word' id='word_1_68' title='bbox 1286 777 1407 819; x_wconf 83' lang='lat' dir='ltr'><strong>[atin&#39;</strong></span> <span class='ocrx_word' id='word_1_69' title='bbox 1430 777 1498 825; x_wconf 87' lang='lat' dir='ltr'><strong>est,</strong></span> <span class='ocrx_word' id='word_1_70' title='bbox 1529 778 1557 818; x_wconf 82' lang='lat' dir='ltr'><strong>fi</strong></span> <span class='ocrx_word' id='word_1_71' title='bbox 1582 777 1666 818; x_wconf 89' lang='lat' dir='ltr'><strong>tibi</strong></span> 
     </span>
    </p>

    <p class='ocr_par' dir='ltr' id='par_1_10' title="bbox 158 835 1730 911">
     <span class='ocr_line' id='line_1_10' title="bbox 158 835 1730 911; baseline -0.003 -13"><span class='ocrx_word' id='word_1_72' title='bbox 158 859 314 899; x_wconf 83' lang='lat' dir='ltr'><strong>Meum</strong></span> <span class='ocrx_word' id='word_1_73' title='bbox 352 870 462 911; x_wconf 84' lang='lat' dir='ltr'><strong>opus</strong></span> <span class='ocrx_word' id='word_1_74' title='bbox 495 857 554 895; x_wconf 87' lang='lat' dir='ltr'><strong>ita</strong></span> <span class='ocrx_word' id='word_1_75' title='bbox 583 854 694 894; x_wconf 85' lang='lat' dir='ltr'>dabo</span> <span class='ocrx_word' id='word_1_76' title='bbox 735 855 990 909; x_wconf 86' lang='lat' dir='ltr'><strong>expolitum,</strong></span> <span class='ocrx_word' id='word_1_77' title='bbox 1032 863 1081 894; x_wconf 90' lang='lat' dir='ltr'><strong>vt</strong></span> <span class='ocrx_word' id='word_1_78' title='bbox 1119 856 1348 911; x_wconf 84' lang='lat' dir='ltr'>inprobare</span> <span class='ocrx_word' id='word_1_79' title='bbox 1379 867 1470 894; x_wconf 85' lang='lat' dir='ltr'><strong>non</strong></span> <span class='ocrx_word' id='word_1_80' title='bbox 1502 851 1666 909; x_wconf 68' lang='lat' dir='ltr'><strong>queas?</strong></span> <span class='ocrx_word' id='word_1_81' title='bbox 1728 835 1730 841; x_wconf 35' lang='grc' dir='ltr'>Ι</span> 
     </span>
    </p>

    <p class='ocr_par' dir='ltr' id='par_1_11' title="bbox 158 927 1666 984">
     <span class='ocr_line' id='line_1_11' title="bbox 158 927 1666 984; baseline -0.005 -9"><span class='ocrx_word' id='word_1_82' title='bbox 158 934 251 976; x_wconf 75' lang='grc' dir='ltr'><strong>ΡΛ.</strong></span> <span class='ocrx_word' id='word_1_83' title='bbox 276 934 349 973; x_wconf 84' lang='lat' dir='ltr'><strong>Sat</strong></span> <span class='ocrx_word' id='word_1_84' title='bbox 367 932 522 971; x_wconf 80' lang='lat' dir='ltr'><strong>habeo.</strong></span> <span class='ocrx_word' id='word_1_85' title='bbox 550 943 669 970; x_wconf 87' lang='lat' dir='ltr'><strong>nunc</strong></span> <span class='ocrx_word' id='word_1_86' title='bbox 689 929 769 969; x_wconf 90' lang='lat' dir='ltr'><strong>tibi</strong></span> <span class='ocrx_word' id='word_1_87' title='bbox 797 927 980 968; x_wconf 75' lang='lat' dir='ltr'><strong>vicissim</strong></span> <span class='ocrx_word' id='word_1_88' title='bbox 999 942 1107 984; x_wconf 87' lang='lat' dir='ltr'><strong>quae</strong></span> <span class='ocrx_word' id='word_1_89' title='bbox 1134 930 1368 983; x_wconf 84' lang='lat' dir='ltr'>imperabo.</span> <span class='ocrx_word' id='word_1_90' title='bbox 1407 930 1486 969; x_wconf 75' lang='grc' dir='ltr'><strong>Ρι.</strong></span> <span class='ocrx_word' id='word_1_91' title='bbox 1505 928 1666 968; x_wconf 86' lang='lat' dir='ltr'><strong>Dicito.</strong></span> 
     </span>
    </p>

    <p class='ocr_par' dir='ltr' id='par_1_12' title="bbox 161 1003 1667 1128">
     <span class='ocr_line' id='line_1_12' title="bbox 161 1003 1665 1063; baseline -0.006 -12"><span class='ocrx_word' id='word_1_92' title='bbox 161 1010 250 1051; x_wconf 76' lang='grc' dir='ltr'><strong>ΡΛ.</strong></span> <span class='ocrx_word' id='word_1_93' title='bbox 282 1009 425 1063; x_wconf 84' lang='lat' dir='ltr'><strong>Quam</strong></span> <span class='ocrx_word' id='word_1_94' title='bbox 445 1006 659 1060; x_wconf 86' lang='lat' dir='ltr'><strong>extemplo</strong></span> <span class='ocrx_word' id='word_1_95' title='bbox 692 1006 776 1045; x_wconf 86' lang='lat' dir='ltr'><strong>hoc</strong></span> <span class='ocrx_word' id='word_1_96' title='bbox 801 1005 881 1044; x_wconf 92' lang='lat' dir='ltr'><strong>erit</strong></span> <span class='ocrx_word' id='word_1_97' title='bbox 908 1003 1086 1051; x_wconf 82' lang='lat' dir='ltr'><strong>factum,</strong></span> <span class='ocrx_word' id='word_1_98' title='bbox 1115 1004 1192 1044; x_wconf 85' lang='lat' dir='ltr'><strong>vbi</strong></span> <span class='ocrx_word' id='word_1_99' title='bbox 1223 1007 1340 1046; x_wconf 83' lang='lat' dir='ltr'><strong>intro</strong></span> <span class='ocrx_word' id='word_1_100' title='bbox 1365 1005 1470 1044; x_wconf 82' lang='lat' dir='ltr'><strong>haec</strong></span> <span class='ocrx_word' id='word_1_101' title='bbox 1500 1003 1665 1048; x_wconf 85' lang='lat' dir='ltr'><strong>abierit,</strong></span> 
     </span>
     <span class='ocr_line' id='line_1_13' title="bbox 1043 1080 1667 1128; baseline -0.005 -8"><span class='ocrx_word' id='word_1_102' title='bbox 1043 1090 1090 1120; x_wconf 85' lang='lat' dir='ltr'><strong>tu</strong></span> <span class='ocrx_word' id='word_1_103' title='bbox 1118 1080 1236 1120; x_wconf 88' lang='lat' dir='ltr'><strong>illico</strong></span> <span class='ocrx_word' id='word_1_104' title='bbox 1612 1090 1667 1128; x_wconf 82' lang='lat'><strong>4⁰</strong></span> 
     </span>
    </p>

    <p class='ocr_par' dir='ltr' id='par_1_13' title="bbox 160 1156 1172 1207">
     <span class='ocr_line' id='line_1_14' title="bbox 160 1156 1172 1207; baseline -0.007 -5"><span class='ocrx_word' id='word_1_105' title='bbox 160 1162 321 1207; x_wconf 84' lang='lat' dir='ltr'>Facito,</span> <span class='ocrx_word' id='word_1_106' title='bbox 352 1170 400 1199; x_wconf 79' lang='lat' dir='ltr'><strong>vt</strong></span> <span class='ocrx_word' id='word_1_107' title='bbox 431 1159 579 1197; x_wconf 79' lang='lat' dir='ltr'><strong>venias</strong></span> <span class='ocrx_word' id='word_1_108' title='bbox 608 1157 696 1196; x_wconf 89' lang='lat' dir='ltr'><strong>huc</strong></span> <span class='ocrx_word' id='word_1_109' title='bbox 727 1164 880 1195; x_wconf 85' lang='lat' dir='ltr'><strong>ornatu</strong></span> <span class='ocrx_word' id='word_1_110' title='bbox 913 1156 1172 1202; x_wconf 83' lang='lat' dir='ltr'>nauclerico,</span> 
     </span>
    </p>

    <p class='ocr_par' dir='ltr' id='par_1_14' title="bbox 162 1231 1611 1285">
     <span class='ocr_line' id='line_1_15' title="bbox 162 1231 1611 1285; baseline -0.003 -7"><span class='ocrx_word' id='word_1_111' title='bbox 162 1237 356 1278; x_wconf 72' lang='lat' dir='ltr'><strong>Cannam</strong></span> <span class='ocrx_word' id='word_1_112' title='bbox 393 1235 550 1273; x_wconf 75' lang='lat' dir='ltr'><strong>habeas</strong></span> <span class='ocrx_word' id='word_1_113' title='bbox 579 1231 881 1285; x_wconf 76' lang='lat' dir='ltr'><strong>ferrugineam,</strong></span> <span class='ocrx_word' id='word_1_114' title='bbox 919 1232 1121 1270; x_wconf 82' lang='lat' dir='ltr'><strong>culcitam</strong></span> <span class='ocrx_word' id='word_1_115' title='bbox 1157 1232 1212 1272; x_wconf 90' lang='lat' dir='ltr'><strong>ob</strong></span> <span class='ocrx_word' id='word_1_116' title='bbox 1249 1234 1395 1274; x_wconf 81' lang='lat' dir='ltr'><strong>oculos</strong></span> <span class='ocrx_word' id='word_1_117' title='bbox 1431 1235 1611 1282; x_wconf 78' lang='lat' dir='ltr'><strong>laneam,</strong></span> 
     </span>
    </p>

    <p class='ocr_par' dir='ltr' id='par_1_15' title="bbox 162 1306 1587 1364">
     <span class='ocr_line' id='line_1_16' title="bbox 162 1306 1587 1364; baseline 0 -13"><span class='ocrx_word' id='word_1_118' title='bbox 162 1312 391 1353; x_wconf 81' lang='lat' dir='ltr'><strong>Palliolum</strong></span> <span class='ocrx_word' id='word_1_119' title='bbox 419 1309 576 1348; x_wconf 84' lang='lat' dir='ltr'><strong>habeas</strong></span> <span class='ocrx_word' id='word_1_120' title='bbox 605 1306 922 1361; x_wconf 83' lang='lat' dir='ltr'><strong>ferrugineum:</strong></span> <span class='ocrx_word' id='word_1_121' title='bbox 956 1309 1073 1358; x_wconf 79' lang='lat' dir='ltr'><strong>(nam</strong></span> <span class='ocrx_word' id='word_1_122' title='bbox 1106 1309 1142 1347; x_wconf 90' lang='lat' dir='ltr'><strong>is</strong></span> <span class='ocrx_word' id='word_1_123' title='bbox 1164 1308 1279 1348; x_wconf 81' lang='lat' dir='ltr'><strong>colos</strong></span> <span class='ocrx_word' id='word_1_124' title='bbox 1308 1309 1587 1364; x_wconf 79' lang='lat' dir='ltr'><strong>thalafficu‘st)</strong></span> 
     </span>
    </p>

    <p class='ocr_par' dir='ltr' id='par_1_16' title="bbox 163 1383 1448 1436">
     <span class='ocr_line' id='line_1_17' title="bbox 163 1383 1448 1436; baseline -0.003 -7"><span class='ocrx_word' id='word_1_125' title='bbox 163 1389 212 1430; x_wconf 89' lang='lat' dir='ltr'><strong>Id</strong></span> <span class='ocrx_word' id='word_1_126' title='bbox 245 1399 489 1427; x_wconf 82' lang='lat' dir='ltr'><strong>connexum</strong></span> <span class='ocrx_word' id='word_1_127' title='bbox 518 1385 565 1423; x_wconf 87' lang='lat' dir='ltr'><strong>in</strong></span> <span class='ocrx_word' id='word_1_128' title='bbox 590 1384 772 1422; x_wconf 86' lang='lat' dir='ltr'><strong>humero</strong></span> <span class='ocrx_word' id='word_1_129' title='bbox 803 1383 940 1426; x_wconf 86' lang='lat' dir='ltr'><strong>laeuo,</strong></span> <span class='ocrx_word' id='word_1_130' title='bbox 971 1383 1227 1436; x_wconf 81' lang='lat' dir='ltr'><strong>expapillato</strong></span> <span class='ocrx_word' id='word_1_131' title='bbox 1255 1384 1448 1431; x_wconf 84' lang='lat' dir='ltr'><strong>brachio,</strong></span> 
     </span>
    </p>

    <p class='ocr_par' dir='ltr' id='par_1_17' title="bbox 160 1457 1663 1513">
     <span class='ocr_line' id='line_1_18' title="bbox 160 1457 1663 1513; baseline -0.003 -9"><span class='ocrx_word' id='word_1_132' title='bbox 160 1464 440 1505; x_wconf 69' lang='lat' dir='ltr'><strong>praecinctus</strong></span> <span class='ocrx_word' id='word_1_133' title='bbox 477 1460 634 1513; x_wconf 86' lang='lat' dir='ltr'><strong>aliqui,</strong></span> <span class='ocrx_word' id='word_1_134' title='bbox 665 1457 897 1497; x_wconf 83' lang='lat' dir='ltr'><strong>adfimilato</strong></span> <span class='ocrx_word' id='word_1_135' title='bbox 928 1457 1041 1510; x_wconf 86' lang='lat' dir='ltr'><strong>quali</strong></span> <span class='ocrx_word' id='word_1_136' title='bbox 1070 1458 1330 1510; x_wconf 83' lang='lat' dir='ltr'><strong>gubernator</strong></span> <span class='ocrx_word' id='word_1_137' title='bbox 1357 1460 1444 1499; x_wconf 65' lang='lat' dir='ltr'><strong>fies.</strong></span> <span class='ocrx_word' id='word_1_138' title='bbox 1612 1473 1663 1511; x_wconf 80' lang='lat'><strong>45</strong></span> 
     </span>
    </p>

    <p class='ocr_par' dir='ltr' id='par_1_18' title="bbox 164 1531 1669 1648">
     <span class='ocr_line' id='line_1_19' title="bbox 164 1531 1669 1596; baseline -0.003 -15"><span class='ocrx_word' id='word_1_139' title='bbox 164 1542 305 1596; x_wconf 84' lang='lat' dir='ltr'><strong>Atque</strong></span> <span class='ocrx_word' id='word_1_140' title='bbox 339 1536 454 1591; x_wconf 87' lang='lat' dir='ltr'><strong>apud</strong></span> <span class='ocrx_word' id='word_1_141' title='bbox 483 1536 604 1575; x_wconf 88' lang='lat' dir='ltr'><strong>hunc</strong></span> <span class='ocrx_word' id='word_1_142' title='bbox 632 1532 780 1573; x_wconf 81' lang='lat' dir='ltr'><strong>senem</strong></span> <span class='ocrx_word' id='word_1_143' title='bbox 812 1533 958 1572; x_wconf 84' lang='lat' dir='ltr'><strong>omnia</strong></span> <span class='ocrx_word' id='word_1_144' title='bbox 994 1532 1101 1571; x_wconf 80' lang='lat' dir='ltr'><strong>haec</strong></span> <span class='ocrx_word' id='word_1_145' title='bbox 1133 1531 1255 1573; x_wconf 84' lang='lat' dir='ltr'><strong>sunt:</strong></span> <span class='ocrx_word' id='word_1_146' title='bbox 1295 1547 1397 1575; x_wconf 85' lang='lat' dir='ltr'><strong>nam</strong></span> <span class='ocrx_word' id='word_1_147' title='bbox 1425 1537 1462 1576; x_wconf 72' lang='lat' dir='ltr'><strong>is</strong></span> <span class='ocrx_word' id='word_1_148' title='bbox 1491 1534 1669 1592; x_wconf 77' lang='lat' dir='ltr'><strong>piscato·</strong></span> 
     </span>
     <span class='ocr_line' id='line_1_20' title="bbox 1041 1609 1281 1648; baseline 0.008 -2"><span class='ocrx_word' id='word_1_149' title='bbox 1041 1620 1107 1647; x_wconf 86' lang='lat' dir='ltr'><strong>res</strong></span> <span class='ocrx_word' id='word_1_150' title='bbox 1138 1609 1281 1648; x_wconf 86' lang='lat' dir='ltr'><strong>habet.</strong></span> 
     </span>
    </p>

    <p class='ocr_par' dir='ltr' id='par_1_19' title="bbox 162 1683 1668 1800">
     <span class='ocr_line' id='line_1_21' title="bbox 162 1683 1668 1745; baseline -0.005 -14"><span class='ocrx_word' id='word_1_151' title='bbox 162 1692 245 1733; x_wconf 70' lang='lat' dir='ltr'><strong>PL.</strong></span> <span class='ocrx_word' id='word_1_152' title='bbox 281 1687 433 1745; x_wconf 73' lang='lat' dir='ltr'><strong>Quid?</strong></span> <span class='ocrx_word' id='word_1_153' title='bbox 479 1687 556 1726; x_wconf 81' lang='lat' dir='ltr'><strong>vbi</strong></span> <span class='ocrx_word' id='word_1_154' title='bbox 592 1697 663 1724; x_wconf 86' lang='lat' dir='ltr'><strong>ero</strong></span> <span class='ocrx_word' id='word_1_155' title='bbox 702 1690 946 1729; x_wconf 80' lang='lat' dir='ltr'><strong>exornatus,</strong></span> <span class='ocrx_word' id='word_1_156' title='bbox 987 1683 1096 1737; x_wconf 84' lang='lat' dir='ltr'><strong>quin</strong></span> <span class='ocrx_word' id='word_1_157' title='bbox 1135 1692 1183 1722; x_wconf 87' lang='lat' dir='ltr'><strong>tu</strong></span> <span class='ocrx_word' id='word_1_158' title='bbox 1224 1683 1346 1730; x_wconf 72' lang='lat' dir='ltr'><strong>dicis,</strong></span> <span class='ocrx_word' id='word_1_159' title='bbox 1391 1684 1496 1739; x_wconf 82' lang='lat' dir='ltr'><strong>quid</strong></span> <span class='ocrx_word' id='word_1_160' title='bbox 1533 1683 1668 1725; x_wconf 78' lang='lat' dir='ltr'><strong>factu-</strong></span> 
     </span>
     <span class='ocr_line' id='line_1_22' title="bbox 1043 1759 1258 1800; baseline 0.019 -4"><span class='ocrx_word' id='word_1_161' title='bbox 1043 1771 1113 1798; x_wconf 86' lang='lat' dir='ltr'><strong>rus</strong></span> <span class='ocrx_word' id='word_1_162' title='bbox 1149 1759 1258 1800; x_wconf 76' lang='lat' dir='ltr'><strong>lim?</strong></span> 
     </span>
    </p>

    <p class='ocr_par' dir='ltr' id='par_1_20' title="bbox 163 1831 1612 1886">
     <span class='ocr_line' id='line_1_23' title="bbox 163 1831 1612 1886; baseline -0.003 -3"><span class='ocrx_word' id='word_1_163' title='bbox 163 1842 253 1883; x_wconf 82' lang='grc' dir='ltr'><strong>ΡΛ.</strong></span> <span class='ocrx_word' id='word_1_164' title='bbox 282 1840 383 1879; x_wconf 87' lang='lat' dir='ltr'><strong>Huc</strong></span> <span class='ocrx_word' id='word_1_165' title='bbox 414 1837 580 1881; x_wconf 77' lang='lat' dir='ltr'><strong>venito,</strong></span> <span class='ocrx_word' id='word_1_166' title='bbox 609 1843 652 1874; x_wconf 88' lang='lat' dir='ltr'><strong>et</strong></span> <span class='ocrx_word' id='word_1_167' title='bbox 671 1834 820 1873; x_wconf 84' lang='lat' dir='ltr'><strong>matris</strong></span> <span class='ocrx_word' id='word_1_168' title='bbox 849 1831 992 1872; x_wconf 76' lang='lat' dir='ltr'><strong>verbis</strong></span> <span class='ocrx_word' id='word_1_169' title='bbox 1017 1833 1378 1874; x_wconf 74' lang='lat' dir='ltr'><strong>Philocomasium</strong></span> <span class='ocrx_word' id='word_1_170' title='bbox 1406 1835 1612 1886; x_wconf 79' lang='lat' dir='ltr'><strong>ameffito,</strong></span> 
     </span>
    </p>

    <p class='ocr_par' dir='ltr' id='par_1_21' title="bbox 163 1907 1583 1963">
     <span class='ocr_line' id='line_1_24' title="bbox 163 1907 1583 1963; baseline -0.006 -10"><span class='ocrx_word' id='word_1_171' title='bbox 163 1917 230 1961; x_wconf 88' lang='lat' dir='ltr'><strong>Vt,</strong></span> <span class='ocrx_word' id='word_1_172' title='bbox 262 1915 287 1953; x_wconf 83' lang='lat' dir='ltr'>fi</span> <span class='ocrx_word' id='word_1_173' title='bbox 321 1915 431 1954; x_wconf 84' lang='lat' dir='ltr'><strong>itura</strong></span> <span class='ocrx_word' id='word_1_174' title='bbox 465 1913 551 1950; x_wconf 89' lang='lat' dir='ltr'><strong>iam</strong></span> <span class='ocrx_word' id='word_1_175' title='bbox 583 1909 638 1948; x_wconf 85' lang='lat' dir='ltr'><strong>est</strong></span> <span class='ocrx_word' id='word_1_176' title='bbox 666 1909 866 1954; x_wconf 82' lang='lat' dir='ltr'><strong>Athenas,</strong></span> <span class='ocrx_word' id='word_1_177' title='bbox 902 1917 970 1946; x_wconf 85' lang='lat' dir='ltr'><strong>eat</strong></span> <span class='ocrx_word' id='word_1_178' title='bbox 1002 1917 1148 1947; x_wconf 86' lang='lat' dir='ltr'><strong>tecum</strong></span> <span class='ocrx_word' id='word_1_179' title='bbox 1179 1907 1232 1947; x_wconf 87' lang='lat' dir='ltr'><strong>ad</strong></span> <span class='ocrx_word' id='word_1_180' title='bbox 1262 1920 1438 1963; x_wconf 81' lang='lat' dir='ltr'><strong>portum</strong></span> <span class='ocrx_word' id='word_1_181' title='bbox 1473 1914 1583 1954; x_wconf 69' lang='lat' dir='ltr'><strong>cito:</strong></span> 
     </span>
    </p>

    <p class='ocr_par' dir='ltr' id='par_1_22' title="bbox 160 1982 1666 2046">
     <span class='ocr_line' id='line_1_25' title="bbox 160 1982 1666 2046; baseline -0.001 -18"><span class='ocrx_word' id='word_1_182' title='bbox 160 1993 302 2046; x_wconf 80' lang='lat' dir='ltr'><strong>Atque</strong></span> <span class='ocrx_word' id='word_1_183' title='bbox 331 1988 532 2028; x_wconf 83' lang='lat' dir='ltr'><strong>adiubeat</strong></span> <span class='ocrx_word' id='word_1_184' title='bbox 564 1983 666 2024; x_wconf 86' lang='lat' dir='ltr'><strong>ferri</strong></span> <span class='ocrx_word' id='word_1_185' title='bbox 701 1985 747 2022; x_wconf 89' lang='lat' dir='ltr'><strong>in</strong></span> <span class='ocrx_word' id='word_1_186' title='bbox 777 1984 940 2028; x_wconf 83' lang='lat' dir='ltr'><strong>nanim,</strong></span> <span class='ocrx_word' id='word_1_187' title='bbox 974 1982 1002 2021; x_wconf 77' lang='lat' dir='ltr'><strong>si</strong></span> <span class='ocrx_word' id='word_1_188' title='bbox 1036 1982 1145 2038; x_wconf 86' lang='lat' dir='ltr'><strong>qnid</strong></span> <span class='ocrx_word' id='word_1_189' title='bbox 1175 1985 1328 2039; x_wconf 88' lang='lat' dir='ltr'><strong>inponi</strong></span> <span class='ocrx_word' id='word_1_190' title='bbox 1360 1987 1482 2028; x_wconf 82' lang='lat' dir='ltr'><strong>velit.</strong></span> <span class='ocrx_word' id='word_1_191' title='bbox 1611 1983 1666 2039; x_wconf 70' lang='lat'><strong>5⁰</strong></span> 
     </span>
    </p>

    <p class='ocr_par' dir='ltr' id='par_1_23' title="bbox 160 2058 1555 2114">
     <span class='ocr_line' id='line_1_26' title="bbox 160 2058 1555 2114; baseline -0.001 -9"><span class='ocrx_word' id='word_1_192' title='bbox 160 2066 249 2108; x_wconf 78' lang='lat' dir='ltr'><strong>Nili</strong></span> <span class='ocrx_word' id='word_1_193' title='bbox 282 2074 362 2109; x_wconf 80' lang='lat' dir='ltr'><strong>eat,</strong></span> <span class='ocrx_word' id='word_1_194' title='bbox 392 2074 433 2102; x_wconf 89' lang='lat' dir='ltr'><strong>te</strong></span> <span class='ocrx_word' id='word_1_195' title='bbox 459 2062 696 2101; x_wconf 84' lang='lat' dir='ltr'><strong>soluturum</strong></span> <span class='ocrx_word' id='word_1_196' title='bbox 719 2058 799 2097; x_wconf 78' lang='lat' dir='ltr'><strong>ess&#39;e</strong></span> <span class='ocrx_word' id='word_1_197' title='bbox 829 2059 1002 2098; x_wconf 72' lang='lat' dir='ltr'><strong>nauimz</strong></span> <span class='ocrx_word' id='word_1_198' title='bbox 1032 2070 1212 2099; x_wconf 86' lang='lat' dir='ltr'><strong>ventum</strong></span> <span class='ocrx_word' id='word_1_199' title='bbox 1242 2071 1414 2114; x_wconf 83' lang='lat' dir='ltr'><strong>operam</strong></span> <span class='ocrx_word' id='word_1_200' title='bbox 1441 2062 1555 2103; x_wconf 85' lang='lat' dir='ltr'><strong>dare.</strong></span> 
     </span>
    </p>

    <p class='ocr_par' dir='ltr' id='par_1_24' title="bbox 160 2134 1667 2255">
     <span class='ocr_line' id='line_1_27' title="bbox 160 2134 1667 2191; baseline -0.003 -10"><span class='ocrx_word' id='word_1_201' title='bbox 160 2142 244 2184; x_wconf 81' lang='lat' dir='ltr'><strong>PL.</strong></span> <span class='ocrx_word' id='word_1_202' title='bbox 285 2139 396 2179; x_wconf 84' lang='lat' dir='ltr'><strong>Satis</strong></span> <span class='ocrx_word' id='word_1_203' title='bbox 440 2138 581 2190; x_wconf 84' lang='lat' dir='ltr'><strong>placet</strong></span> <span class='ocrx_word' id='word_1_204' title='bbox 621 2137 810 2190; x_wconf 66' lang='lat' dir='ltr'><strong>pictura,</strong></span> <span class='ocrx_word' id='word_1_205' title='bbox 848 2147 992 2189; x_wconf 78' lang='lat' dir='ltr'><strong>perge.</strong></span> <span class='ocrx_word' id='word_1_206' title='bbox 1066 2135 1155 2175; x_wconf 68' lang='grc' dir='ltr'><strong>ΡΑ.</strong></span> <span class='ocrx_word' id='word_1_207' title='bbox 1194 2134 1266 2174; x_wconf 82' lang='lat' dir='ltr'><strong>Ille</strong></span> <span class='ocrx_word' id='word_1_208' title='bbox 1296 2138 1512 2191; x_wconf 84' lang='lat' dir='ltr'><strong>extemplo</strong></span> <span class='ocrx_word' id='word_1_209' title='bbox 1545 2138 1667 2179; x_wconf 83' lang='lat' dir='ltr'><strong>illam</strong></span> 
     </span>
     <span class='ocr_line' id='line_1_28' title="bbox 1041 2208 1294 2255; baseline 0.004 -8"><span class='ocrx_word' id='word_1_210' title='bbox 1041 2208 1294 2255; x_wconf 86' lang='lat' dir='ltr'><strong>hortabitur,</strong></span> 
     </span>
    </p>

    <p class='ocr_par' dir='ltr' id='par_1_25' title="bbox 158 2283 1662 2343">
     <span class='ocr_line' id='line_1_29' title="bbox 158 2283 1662 2343; baseline -0.004 -11"><span class='ocrx_word' id='word_1_211' title='bbox 158 2294 212 2333; x_wconf 90' lang='lat' dir='ltr'><strong>Vt</strong></span> <span class='ocrx_word' id='word_1_212' title='bbox 230 2300 311 2337; x_wconf 82' lang='lat' dir='ltr'><strong>eat,</strong></span> <span class='ocrx_word' id='word_1_213' title='bbox 333 2298 383 2329; x_wconf 79' lang='lat' dir='ltr'><strong>vt</strong></span> <span class='ocrx_word' id='word_1_214' title='bbox 403 2294 622 2343; x_wconf 85' lang='lat' dir='ltr'><strong>properet,</strong></span> <span class='ocrx_word' id='word_1_215' title='bbox 647 2297 703 2324; x_wconf 87' lang='lat' dir='ltr'><strong>ne</strong></span> <span class='ocrx_word' id='word_1_216' title='bbox 723 2296 869 2324; x_wconf 86' lang='lat' dir='ltr'><strong>morae</strong></span> <span class='ocrx_word' id='word_1_217' title='bbox 893 2284 939 2323; x_wconf 84' lang='lat' dir='ltr'><strong>fit</strong></span> <span class='ocrx_word' id='word_1_218' title='bbox 958 2285 1099 2323; x_wconf 81' lang='lat' dir='ltr'><strong>matri.</strong></span> <span class='ocrx_word' id='word_1_219' title='bbox 1132 2284 1213 2331; x_wconf 72' lang='grc' dir='ltr'><em>Ρι..</em></span> <span class='ocrx_word' id='word_1_220' title='bbox 1236 2283 1512 2326; x_wconf 74' lang='lat' dir='ltr'><strong>Multimodis</strong></span> <span class='ocrx_word' id='word_1_221' title='bbox 1540 2284 1662 2341; x_wconf 75' lang='lat' dir='ltr'><strong>sapis.</strong></span> 
     </span>
    </p>

    <p class='ocr_par' dir='ltr' id='par_1_26' title="bbox 158 2358 1663 2489">
     <span class='ocr_line' id='line_1_30' title="bbox 158 2358 1663 2420; baseline -0.003 -13"><span class='ocrx_word' id='word_1_222' title='bbox 158 2368 249 2409; x_wconf 79' lang='grc' dir='ltr'><strong>ΡΛ.</strong></span> <span class='ocrx_word' id='word_1_223' title='bbox 285 2366 378 2420; x_wconf 90' lang='lat' dir='ltr'><strong>Ego</strong></span> <span class='ocrx_word' id='word_1_224' title='bbox 408 2363 472 2402; x_wconf 85' lang='lat' dir='ltr'><strong>illi</strong></span> <span class='ocrx_word' id='word_1_225' title='bbox 500 2361 665 2406; x_wconf 85' lang='lat' dir='ltr'><strong>dicam,</strong></span> <span class='ocrx_word' id='word_1_226' title='bbox 708 2370 756 2399; x_wconf 89' lang='lat' dir='ltr'><strong>vt</strong></span> <span class='ocrx_word' id='word_1_227' title='bbox 785 2372 855 2398; x_wconf 88' lang='lat' dir='ltr'><strong>me</strong></span> <span class='ocrx_word' id='word_1_228' title='bbox 885 2359 1149 2404; x_wconf 84' lang='lat' dir='ltr'><strong>adiutorem,</strong></span> <span class='ocrx_word' id='word_1_229' title='bbox 1190 2359 1264 2413; x_wconf 87' lang='lat' dir='ltr'><strong>qui</strong></span> <span class='ocrx_word' id='word_1_230' title='bbox 1304 2371 1414 2399; x_wconf 88' lang='lat' dir='ltr'><strong>onus</strong></span> <span class='ocrx_word' id='word_1_231' title='bbox 1445 2358 1579 2400; x_wconf 86' lang='lat' dir='ltr'><strong>feram</strong></span> <span class='ocrx_word' id='word_1_232' title='bbox 1608 2361 1663 2402; x_wconf 83' lang='lat' dir='ltr'><strong>ad</strong></span> 
     </span>
     <span class='ocr_line' id='line_1_31' title="bbox 1036 2443 1410 2489; baseline 0.005 -17"><span class='ocrx_word' id='word_1_233' title='bbox 1036 2444 1236 2488; x_wconf 80' lang='lat' dir='ltr'><strong>portum,</strong></span> <span class='ocrx_word' id='word_1_234' title='bbox 1277 2443 1410 2489; x_wconf 87' lang='lat' dir='ltr'><strong>roget.</strong></span> 
     </span>
    </p>

    <p class='ocr_par' dir='ltr' id='par_1_27' title="bbox 156 2509 1658 2565">
     <span class='ocr_line' id='line_1_32' title="bbox 156 2509 1658 2565; baseline -0.005 -8"><span class='ocrx_word' id='word_1_235' title='bbox 156 2518 231 2558; x_wconf 88' lang='lat' dir='ltr'><strong>Ille</strong></span> <span class='ocrx_word' id='word_1_236' title='bbox 249 2515 419 2556; x_wconf 84' lang='lat' dir='ltr'><strong>iubebit</strong></span> <span class='ocrx_word' id='word_1_237' title='bbox 437 2525 508 2553; x_wconf 89' lang='lat' dir='ltr'><strong>me</strong></span> <span class='ocrx_word' id='word_1_238' title='bbox 530 2513 590 2550; x_wconf 83' lang='lat' dir='ltr'><strong>ire</strong></span> <span class='ocrx_word' id='word_1_239' title='bbox 608 2524 708 2550; x_wconf 84' lang='lat' dir='ltr'><strong>cum</strong></span> <span class='ocrx_word' id='word_1_240' title='bbox 728 2511 795 2565; x_wconf 80' lang='lat' dir='ltr'><strong>illa</strong></span> <span class='ocrx_word' id='word_1_241' title='bbox 816 2509 866 2548; x_wconf 82' lang='lat' dir='ltr'><strong>ad</strong></span> <span class='ocrx_word' id='word_1_242' title='bbox 889 2520 1076 2564; x_wconf 86' lang='lat' dir='ltr'><strong>portum.</strong></span> <span class='ocrx_word' id='word_1_243' title='bbox 1097 2522 1174 2564; x_wconf 87' lang='lat' dir='ltr'><strong>ego</strong></span> <span class='ocrx_word' id='word_1_244' title='bbox 1194 2509 1315 2556; x_wconf 86' lang='lat' dir='ltr'><strong>adeo,</strong></span> <span class='ocrx_word' id='word_1_245' title='bbox 1333 2520 1382 2550; x_wconf 83' lang='lat' dir='ltr'><strong>vt</strong></span> <span class='ocrx_word' id='word_1_246' title='bbox 1398 2520 1443 2550; x_wconf 87' lang='lat' dir='ltr'><strong>tu</strong></span> <span class='ocrx_word' id='word_1_247' title='bbox 1458 2509 1575 2559; x_wconf 73' lang='lat' dir='ltr'><strong>scias,</strong></span> <span class='ocrx_word' id='word_1_248' title='bbox 1610 2524 1658 2561; x_wconf 85' lang='lat'><strong>55</strong></span> 
     </span>
    </p>

    <p class='ocr_par' dir='ltr' id='par_1_28' title="bbox 156 2583 1658 2703">
     <span class='ocr_line' id='line_1_33' title="bbox 156 2583 1658 2642; baseline -0.005 -9"><span class='ocrx_word' id='word_1_249' title='bbox 156 2590 355 2633; x_wconf 81' lang='lat' dir='ltr'><strong>Prorsum</strong></span> <span class='ocrx_word' id='word_1_250' title='bbox 374 2589 561 2630; x_wconf 74' lang='lat' dir='ltr'><strong>Athenas</strong></span> <span class='ocrx_word' id='word_1_251' title='bbox 600 2597 806 2642; x_wconf 84' lang='lat' dir='ltr'><strong>protenus</strong></span> <span class='ocrx_word' id='word_1_252' title='bbox 831 2585 960 2626; x_wconf 84' lang='lat' dir='ltr'><strong>abibo</strong></span> <span class='ocrx_word' id='word_1_253' title='bbox 990 2595 1149 2625; x_wconf 87' lang='lat' dir='ltr'><strong>tecum.</strong></span> <span class='ocrx_word' id='word_1_254' title='bbox 1205 2585 1288 2626; x_wconf 71' lang='grc' dir='ltr'><strong><em>ΡΙ..</em></strong></span> <span class='ocrx_word' id='word_1_255' title='bbox 1310 2586 1450 2641; x_wconf 85' lang='lat' dir='ltr'><strong>Atque</strong></span> <span class='ocrx_word' id='word_1_256' title='bbox 1474 2587 1554 2626; x_wconf 82' lang='lat' dir='ltr'><strong>vbi</strong></span> <span class='ocrx_word' id='word_1_257' title='bbox 1583 2583 1658 2627; x_wconf 86' lang='lat' dir='ltr'><strong>illo</strong></span> 
     </span>
     <span class='ocr_line' id='line_1_34' title="bbox 1029 2671 1213 2703; baseline 0 -4"><span class='ocrx_word' id='word_1_258' title='bbox 1029 2671 1213 2703; x_wconf 73' lang='lat' dir='ltr'><strong>veneris,</strong></span> 
     </span>
    </p>
   </div>
  </div>
 </body>
</html>
