1742 2924
137 139 231 185 408
617 147 1192 206 mnnncnmonvml

102 300 107 302 v
143 253 180 291 Is
197 266 391 308 ,puerum
424 253 559 300 tollit,
600 256 833 310 auehitque
858 256 1190 310 Epidamnum>

141 328 266 368 Pater
293 330 385 368 eius
413 341 587 375 autem,
611 330 833 386 postquam
862 336 1048 387 puerum
1073 334 1275 388 perdidit,

142 404 351 444 Animum
378 403 625 460 despondit,
655 420 789 461 eaque
819 408 855 446 is
883 410 1157 462 aegritudine
1274 391 1280 395 ι

145 479 300 520 Paucis
330 479 483 520 diebus
511 479 601 536 post
629 483 809 522 Tarenti
837 468 1094 525 emortuu'st.

145 554 371 610 Postquam
396 550 626 608 Syracusas
662 557 715 595 de
743 570 787 597 re
818 570 864 596 ea
896 550 1084 609 nuntius}
1106 561 1217 610 redit

145 630 210 670 Ad
240 644 369 670 auom
394 645 654 685 puerorum,
683 646 868 687 puerum
903 633 1151 690 subreptum
1184 637 1379 683 alterum,
1438 659 1443 661 -

144 705 402 763 Patremque
431 710 556 762 pueri
585 709 761 748 Tarenti
789 708 868 749 effe
897 721 1160 755 emortuum,

136 782 340 821 ‘lrimutat
367 795 529 822 nomen
558 797 662 824 auos
693 785 797 824 huic
827 786 1001 839 gemino
1033 787 1179 826 alteri:

150 857 212 896 Ita
246 858 367 896 illum
396 858 571 904 dilexit,
598 861 675 913 qui
701 858 928 916 subreptus
954 859 1032 905 est,
1059 861 1259 907 alterum,

151 933 270 972 Illius
300 946 462 972 nomen
494 933 609 973 indit
635 934 722 980 illi,
754 936 829 990 qui
857 935 978 975 domi
1002 934 1081 983 est;

153 1007 440 1049 Menaechmo
471 1009 590 1049 idem
617 1009 733 1063 quod
765 1011 884 1050 alteri
918 1025 1079 1051 nomen
1110 1011 1212 1058 fuit,

151 1084 205 1122 Et
230 1083 344 1138 ipsus
372 1085 526 1125 eodem
555 1075 658 1126 auos
685 1085 742 1124 est
771 1097 948 1127 vocatus
977 1089 1181 1128 nomine:

153 1161 383 1215 Propterea
411 1163 523 1202 illius
551 1174 715 1200 nomen
751 1162 937 1201 memini
967 1162 1151 1210 facilius,

157 1237 269 1290 Quia
304 1239 427 1278 illum
460 1239 643 1278 clamore
670 1238 763 1277 vidi
799 1237 1046 1293 flagitari'er.

156 1313 222 1353 Ne
254 1326 356 1353 mox
383 1316 552 1360 erretis,
586 1314 670 1352 iam
697 1326 816 1352 nunc
845 1313 1047 1368 praedico
1073 1314 1208 1368 prius.

152 1388 274 1427 Idem
303 1378 594 1429 est‘iambobus
621 1402 783 1427 nomen
815 1389 1001 1443 geminis
1022 1386 1245 1427 fratribus.

154 1464 288 1503 Nunc
316 1466 360 1502 iu
387 1463 682 1517 Epidamnum
710 1463 894 1515 pedibus
924 1460 1198 1502 redeundum
1224 1461 1280 1501 est
1303 1464 1428 1511 mihi,

155 1539 211 1577 Vt
235 1541 347 1579 hanc
375 1553 465 1578 rem
498 1540 623 1579 vobis
655 1536 902 1578 examussim
932 1538 1165 1592 disputem.

118 1624 122 1627 '
159 1612 335 1669 Si›quis
367 1615 471 1668 quid
499 1614 685 1654 vostrum
721 1614 1018 1668 Epidamnum
1044 1613 1185 1653 curari
1219 1613 1295 1653 sxbi

137 1720 144 1743 3
159 1690 294 1736 Velit,
322 1692 358 1730 is
388 1689 588 1730 audacter
616 1692 826 1745 imperato
857 1698 899 1728 et
931 1689 1088 1729 dicito:

143 1749 244 1804 iSed
275 1767 356 1811 ita,
389 1774 436 1804 vt
465 1766 558 1811 det,
590 1765 706 1804 vnde
735 1765 869 1804 curari
902 1764 947 1802 id
972 1763 1097 1820 poffit
1128 1765 1216 1806 [ibi.

161 1841 272 1883 Nam
305 1841 382 1880 nifi
413 1842 488 1895 qui
523 1850 745 1896 argentum
773 1840 961 1885 dederit,
1001 1853 1135 1895 nugas
1163 1842 1311 1896 egerit.

162 1917 252 1969 Qui
285 1917 473 1964 dederit,
508 1918 646 1971 magis
675 1917 859 1955 maiores
889 1915 1024 1970 nugas
1059 1918 1204 1972 egerit·

136 1992 326 2046 'Verum
359 1994 462 2033 inne
494 1991 641 2038 redeo,
669 1991 784 2031 vnde
818 1993 920 2036 abii,
955 2002 1082 2046 atque
1109 2007 1197 2033 vno
1227 1990 1340 2033 adsto
1376 1993 1420 2034 in
1450 1995 1570 2038 loto„

163 2068 508 2123 Epidamnienlis
536 2068 623 2112 ille,
656 2080 789 2122 quern
824 2067 991 2107 dudum
1018 2057 1222 2114 dixeram,

168 2144 401 2183 Geminum
438 2143 562 2186 illum
593 2156 776 2194 puerum
805 2144 882 2198 qui
909 2142 1123 2198 subripuit
1150 2143 1344 2198 alterum,

166 2218 220 2258 Ei
250 2219 511 2263 liberorum,
546 2217 622 2255 nifi
655 2217 862 2262 diuitiae,
894 2218 1007 2258 nihil
1034 2225 1135 2264 erat,

167 2292 356 2347 Adoptat
382 2293 503 2332 illum
540 2304 726 2345 puerum
755 2292 1058 2348 subreptitium

168 2367 261 2407 Sibi
291 2366 454 2412 filium,
494 2367 621 2423 eique
650 2380 826 2407 vxorem
857 2367 1048 2409 dotatam
1076 2368 1215 2416 dedit,

169 2442 372 2496 Eumque
401 2441 604 2481 heredem
632 2440 758 2488 fecit,
792 2457 930 2498 quum
958 2443 1046 2498 ipse
1079 2445 1208 2485 obiit«
1220 2445 1349 2486 diem.

171 2517 285 2556 Nam
316 2531 388 2556 rus
417 2528 465 2556 vt
496 2518 584 2556 ibat
615 2515 740 2562 forte,
769 2526 815 2556 vt
840 2520 1030 2559 multum
1062 2520 1275 2574 pluuerat,

173 2592 384 2646 Ingreffus
410 2593 597 2632 fluuium
624 2592 822 2645 rapidum
852 2595 904 2633 ab
934 2595 1039 2634 vrbe
1064 2595 1179 2635 haud
1209 2596 1401 2651 longule,

171 2666 366 2720 Rapidus
395 2667 553 2722 raptori
580 2668 704 2722 pueri
741 2666 951 2712 subduxit-
971 2669 1117 2723 pedes,

574 2821 593 2839 ἱ

1596 423 1641 459 35

1600 799 1653 838 40

1609 1179 1660 1217 45

1618 1554 1669 1591 ςο

1621 1931 1669 1970 55

1624 2299 1678 2340 60
