1742 2924
202 187 296 245 356
761 199 1138 237 uccfflovm
1192 248 1195 251 ι
1260 211 1265 216 -

197 308 286 348 ΡΗ.
315 306 436 362 Quid
456 307 517 346 ais
541 316 587 346 tu
615 306 781 355 homo?
812 308 892 347 Nx.
917 307 1039 360 Quid
1064 320 1136 347 me
1164 308 1263 350 vis?
1298 311 1383 352 Pu.
1407 310 1548 354 Pudet
1568 314 1721 359 'dicere

951 390 1024 417 me
1056 378 1140 418 tibi
1170 380 1393 435 quiddaun

199 454 280 494 Νι.
303 452 423 507 Quid
444 450 512 499 est,
541 451 658 508 quod
680 450 871 506 pudeat?
918 453 1006 493 PH.
1037 451 1107 493 St!
1139 457 1289 496 amico.
1311 432 1492 498 homini
1501 459 1584 498 tibi
1606 461 1715 516 quid

949 524 1049 564 volo
1080 526 1256 566 credere
1295 537 1460 568 certum
1491 528 1560 577 est,

195 596 336 636 Nihili
363 594 470 636 sum.
516 594 737 636 N1.I['tuc
769 596 855 635 iam
886 599 1059 651 pridem
1091 598 1190 642 scio.
1220 601 1313 650 sed,
1343 603 1452 660 quid
1486 606 1616 645 nihili
1648 606 1712 653 sis.

951 682 1158 712 memora.

194 747 282 787 PH.
304 746 463 785 Tactus
496 744 586 784 sum
611 745 895 786 vehementer
924 744 1064 786 visco:
1095 760 1168 787 cor
1196 745 1365 788 stimulo
1397 746 1574 791 foditur.
1626 749 1708 790 Νι.

946 815 1029 855 Pol
1060 817 1141 856 tibi

191 891 334 931 Multo
366 892 544 945 aequius
574 888 630 930 est
661 890 958 931 coxendicem.
1653 909 1709 946 40

192 967 277 1008 Sed
307 968 413 1024 quid
442 966 548 1007 istuc
589 964 676 1006 eft?
718 966 790 1006 etsi
826 967 915 1005 iam
944 978 1024 1021 ego
1059 964 1161 1020 ipse,
1203 965 1310 1022 quid
1347 969 1408 1017 fit,
1429 974 1580 1025 prope
1604 969 1712 1011 [cire

948 1046 1055 1091 puto
1084 1051 1168 1082 me,

188 1113 350 1154 Verum
371 1111 520 1152 audire
537 1113 669 1152 etiam
690 1125 740 1151 ex
759 1122 799 1152 te
822 1111 982 1153 studeo.
1015 1114 1101 1151 PH.
1115 1113 1265 1154 Viden’
1285 1114 1429 1154 hanc?
1457 1116 1537 1156 Νι.
1553 1116 1704 1158 Video.

945 1189 1031 1227 PH.
1062 1188 1191 1228 Haud
1223 1190 1331 1230 mala
1364 1189 1420 1230 est
1449 1193 1618 1232 mulier.

187 1269 268 1308 Nz.
295 1267 374 1308 Pol
405 1279 510 1306 vero
546 1265 619 1305 ista
648 1267 775 1313 mala,
810 1277 852 1307 et
882 1277 931 1307 tu
961 1263 1106 1302 nihili.
1164 1265 1251 1319 ΡΗ.
1284 1265 1401 1319 Quid
1425 1267 1593 1308 multa?
1625 1279 1705 1322 ego

942 1353 1056 1380 amo.
1078 1340 1158 1378 Νι.
1181 1339 1246 1378 An
1265 1341 1411 1381 amas?
1445 1343 1699 1384 P11.Necas.

188 1418 271 1458 Νι.
304 1417 376 1456 Tu
403 1417 539 1457 homo
566 1415 741 1471 putide,
786 1424 950 1455 amator
984 1412 1082 1454 istac
1113 1413 1206 1454 fieri
1237 1425 1373 1454 aetate
1399 1417 1564 1457 audes?
1612 1420 1701 1459 ΡΠ.

946 1484 1036 1535 Qui
1071 1483 1194 1524 non?

184 1563 266 1602 Νι.
292 1561 407 1616 Quia
433 1559 649 1615 flagitium
674 1559 742 1601 est.
789 1562 877 1600 PH.
906 1559 1026 1614 Quid
1055 1573 1163 1612 opus
1193 1558 1338 1599 verbis
1363 1559 1451 1601 est?
1480 1575 1580 1602 meo
1607 1560 1697 1602 filio

941 1641 1031 1669 non
1062 1628 1157 1669 sum
1190 1630 1336 1669 iratus.
1540 1679 1546 1690 Ι
1626 1645 1692 1681 45

180 1708 338 1765 Neque
367 1717 410 1748 te
450 1716 526 1747 tuo
566 1706 622 1746 est
652 1720 839 1763 aequom
878 1704 958 1746 effe
988 1705 1166 1744 iratum:
1213 1704 1241 1743 fi
1277 1713 1443 1751 amant,
1485 1702 1696 1761 sapienter

935 1773 1117 1815 faciunt.

157 1854 272 1894 ‘BA.
305 1853 496 1908 Sequere
528 1851 622 1892 hac.
690 1825 772 1892 Νι.
810 1850 942 1891 Eunt.
985 1862 1105 1892 eccas
1138 1844 1332 1890 tandem!
1377 1848 1524 1903 probri
1560 1851 1692 1905 peyle-

939 1922 1089 1961 cebrae
1122 1929 1165 1961 et
1188 1917 1492 1973 persuastrices‚

178 1997 299 2052 Quid
321 1993 472 2036 nunc?
500 1994 630 2036 etiam
657 1995 836 2036 redditis
866 1997 995 2036 nobis
1019 1996 1130 2035 filios
1161 2004 1202 2035 et
1235 1987 1435 2034 serv'om‘?
1462 2007 1528 2050 ‚an
1555 2008 1634 2052 ego
1668 2009 1673 2014 ⁸

174 2073 384 2126 Experior
416 2062 559 2110 tecum
587 2073 679 2110 vim
709 2070 949 2111 maiorem?
1009 2073 1094 2112 PH.
1129 2071 1240 2111 Abin
1268 2068 1401 2109 hinc?

172 2148 277 2188 Non
308 2147 442 2187 homo
471 2155 518 2186 tu
550 2145 728 2201 quidem
757 2156 825 2190 es,
856 2145 932 2198 qui
958 2146 1060 2187 istoc
1090 2157 1216 2201 pacto
1245 2155 1331 2185 tam
1361 2144 1550 2199 lepidam
1582 2147 1686 2187 inle-

924 2215 1028 2270 pide
1057 2215 1270 2270 adpelle⁸.-
1633 2231 1682 2264 ςο
1741 2206 1742 2228 ³

169 2295 264 2336 BA.
300 2294 668 2349 Senex-optume,
700 2302 914 2350 quantum
946 2290 1002 2329 est
1034 2292 1079 2329 in
1108 2299 1240 2336 terra,
1272 2288 1355 2328 fine
1384 2288 1469 2329 hoc
1503 2303 1680 2332 exorare

292 2357 295 2359 ’
923 2361 997 2400 abs
1024 2368 1081 2406 te,

167 2438 222 2478 Vt
250 2436 355 2476 istuc
384 2436 591 2476 delictum
622 2436 785 2477 desistas
815 2444 933 2476 tanto
963 2447 1091 2490 opere
1119 2434 1180 2474 ire
1211 2436 1526 2490 obpugnatum.

163 2510 247 2552 Ni.
280 2512 369 2551 Nifi
399 2505 539 2557 abeas,
567 2522 830 2568 quamquam
857 2520 905 2551 tu
934 2510 1044 2550 bella
1078 2521 1136 2557 es,
1165 2495 1330 2550 mulum
1360 2511 1442 2550 tibi
1467 2523 1675 2565 magnum

915 2578 1025 2618 dabo
1058 2579 1158 2618 iam.
1220 2582 1308 2620 BA.
1340 2580 1493 2620 Patiar.

156 2653 257 2696 Non
279 2664 445 2703 metuo,
472 2639 529 2696 rie
562 2655 669 2710 quid
695 2652 808 2696 mihi
833 2654 989 2711 doleat,
1020 2652 1134 2707 quod
1168 2653 1311 2695 ferias.
1360 2655 1439 2695 Νι.
1462 2653 1516 2694 Vt
1549 2653 1668 2692 blan-

911 2723 1086 2779 diloqua
1117 2720 1195 2763 est!
