1742 2924
11 2022 16 2029 ·
90 2026 93 2029 ,
152 1989 328 2036 Nomen
359 1992 428 2033 est.
467 1991 552 2031 scio
578 1991 665 2028 iam
693 1989 774 2027 tibi
803 2001 874 2027 me
904 1988 1206 2038 rectexdediss'e
1234 1988 1466 2044 epistolam,

500 183 503 189 .
1616 170 1623 190 Ι

171 205 264 266 59⁶
603 208 606 210 ’
761 219 788 253 r
801 219 820 253 s
837 218 862 253 ε
876 218 906 253 v
919 218 952 252 1)
966 210 999 253 o
1013 218 1070 252 ιι

168 328 423 371 Ps.sa1u0s
452 323 566 391 sum:
603 326 690 365 iam
718 324 1062 381 philosophatur.
1118 328 1192 368 Sy.
1226 327 1471 368 Hominem
1487 343 1568 386 ego
1595 332 1669 373 hic

362 448 370 461 .
1050 416 1206 458 quaero
1234 390 1410 451 malum,

140 482 453 537 'Legirupam,
493 476 688 529 inpium,
718 478 962 531 perium-m,
1000 487 1129 533 atque
1166 479 1423 533 inprobum.
1468 483 1560 522 BA.
1595 471 1671 521 MS

1048 557 1282 610 quaeritat:

165 632 279 674 Nam
310 632 383 670 illa
412 628 512 669 sunt
538 637 852 682 cognomenta,
871 641 1057 670 nomen.
1074 631 1099 669 fi
1126 640 1337 671 memoret
1355 629 1502 671 modo.
1618 646 1668 671 20
1700 651 1704 654 -

165 708 287 765 Quid
302 707 358 747 est
377 708 417 746 ei
435 704 608 744 homini
629 704 823 744 nomen?
858 707 932 746 Sy.
947 708 1063 765 [⁴3⁰9
1074 706 1231 746 Ballio.
1265 707 1356 747 BA.
1378 706 1539 747 Sciuin'
1556 708 1668 763 ego?

163 784 258 843 Ipse
287 797 367 839 ego
398 783 435 821 is
468 779 584 838 sum,
616 777 884 829 adolescens,
923 796 1054 837 quem
1083 790 1131 833 tu
1160 783 1385 837 quaeritas.
1447 784 1516 824 Sr.
1542 784 1669 824 Tune

1046 868 1091 899 ee
1123 857 1296 898 Ballio?

163 939 256 980 BA}
301 935 394 990 Ego
437 929 662 994 enimuero
705 931 740 971 is
777 928 885 972 sum.
964 934 1119 994 31.th
1157 933 1330 974 vestitus
1367 933 1423 974 est
1463 933 1669 990 perfoss'or

848 1002 853 1008 ’
1041 1005 1290 1064 parietum!

110 1128 113 1133 s
160 1084 409 1131 BA.Credo
430 1085 477 1124 in
498 1080 689 1123 tenebris
712 1081 984 1138 conspicatus
1009 1082 1034 1122 fi
1060 1084 1109 1123 [is
1130 1097 1214 1131 me,
1233 1084 1446 1128 abstineas
1470 1104 1664 1142 manum,

160 1167 232 1207 ΒΥ.
265 1163 406 1202 Herus
434 1171 559 1199 meus
588 1157 668 1198 tibi
695 1170 766 1196 me
792 1156 973 1198 salutem
1002 1160 1184 1199 multam
1216 1161 1356 1201 voluit
1385 1162 1539 1219 dicere.
1616 1182 1663 1220 25

159 1242 286 1291 Hanc
313 1235 533 1293 epistolam
562 1231 712 1287 adcipe
744 1245 767 1271 a
798 1246 884 1279 me,
913 1234 1026 1274 hanc
1053 1249 1123 1275 me
1151 1233 1234 1275 tibi
1263 1234 1376 1276 suffit
1406 1238 1518 1281 dare.
1719 1296 1721 1299 7

162 1319 255 1359 BA.
291 1314 404 1369 Quid
437 1312 473 1350 is
503 1305 685 1349 homo’st
713 1307 790 1363 qui
822 1307 967 1349 iuffit‘²
1026 1308 1102 1350 Ps.
1134 1310 1273 1357 Perii,
1311 1325 1430 1354 nunc
1459 1316 1592 1360 homo
1618 1320 1667 1359 ἰη
1721 1303 1733 1346 '.

1042 1384 1188 1425 medio
1218 1387 1309 1426 luto
1341 1387 1409 1435 est,

156 1467 332 1510 Nomen
362 1461 511 1504 nescit.
541 1459 689 1501 haeret
717 1460 827 1501 haec
855 1474 935 1500 res
996 1462 1087 1501 BA.
1119 1461 1261 1514 Quem
1291 1461 1402 1504 hanc
1429 1467 1578 1509 mififfe
1612 1469 1667 1509 ad

1037 1547 1109 1587 me
1136 1538 1364 1578 autumas?

159 1616 230 1659 Sr.
265 1610 406 1657 Nosce
437 1612 687 1679 imaginem,
718 1618 812 1652 tute
844 1611 937 1652 eius
967 1623 1130 1652 nomen
1158 1623 1398 1655 memorato
1428 1616 1554 1664 mihi,

156 1694 212 1733 Vt
227 1690 371 1736 sciam,
396 1699 437 1729 te
452 1669 698 1728 Ballionem
704 1683 794 1726 effe
813 1684 966 1740 ipsum.
986 1689 1078 1726 BA.
1093 1683 1212 1727 Cedo
1233 1689 1344 1728 mihi
1366 1690 1595 1744 epistolam.
1612 1709 1664 1743 30

158 1771 230 1812 Sy.
274 1767 460 1822 Adcipe.
509 1762 716 1818 cognosce
752 1763 931 1818 lignum.
1008 1764 1102 1816 BA.
1143 1760 1272 1823 Oho!v
1310 1765 1662 1817 Polymachaero-

1034 1836 1240 1892 placides,

153 1918 292 1960 Purus
315 1926 447 1973 putus
470 1913 526 1956 est
546 1912 682 1968 ipsus:
715 1914 844 1953 noui:
875 1909 1002 1956 heus!
1044 1915 1114 1953 δῖ.
1135 1913 1659 1972 Polymachaeroplacidea

149 2069 393 2126 Postquam
399 2063 935 2119 Polymachaeroplacidae
964 2064 1192 2120 eloquutus
1221 2075 1381 2104 nomen
1410 2079 1469 2106 ee.

157 2146 249 2188 BA.
281 2143 366 2185 Sed
395 2139 514 2198 quid
532 2141 620 2195 agit
644 2139 714 2179 is?
765 2141 835 2180 Sr.
870 2138 1003 2193 Quod
1029 2141 1160 2179 homo
1189 2138 1341 2193 edepol
1372 2139 1496 2182 fortis
1528 2152 1657 2199 atque

1033 2215 1210 2255 bellator
1245 2215 1421 2269 probus.
1590 2233 1649 2267 35
1707 2248 1709 2252 .

127 2280 236 2339 Sed
257 2306 439 2352 propere
455 2293 568 2331 hanc
588 2291 804 2346 perlegere
825 2289 981 2344 quaeso
1006 2289 1235 2344 epistolam,
1259 2290 1314 2328 ita
1337 2292 1559 2346 negotium
1583 2294 1650 2342 est,

150 2372 290 2428 Atque
306 2370 503 2422 adcipere
521 2377 746 2421 argentum
767 2375 974 2409 actutum,
986 2367 1300 2420 mulieremque
1311 2366 1423 2405 mihi
1444 2368 1652 2412 emittere,

147 2448 262 2488 Nam
290 2443 453 2486 necess'e
482 2440 615 2481 hodie
641 2441 819 2493 Sicyoni
838 2452 907 2479 me
929 2440 1021 2488 effe,
1043 2449 1116 2479 aut
1138 2452 1225 2479 cras
1245 2450 1429 2481 mortem
1451 2442 1647 2498 exsequi3

146 2525 210 2565 lta
240 2524 369 2562 herus
390 2531 514 2559 meus
544 2507 899 2572 est‘imperiofus.
943 2517 1033 2556 BA.
1061 2514 1190 2560 Noui,
1219 2517 1333 2557 nmis
1357 2519 1590 2572 praedicas.

147 2600 218 2640 Sy⁴
251 2597 436 2651 Propera
459 2593 678 2647 perlegere
707 2591 923 2647 epistolam
957 2604 1068 2645 ergo.
1131 2592 1221 2631 BA.
1255 2591 1298 2631 1d
1325 2607 1430 2648 agos
1453 2595 1479 2635 fi
1507 2604 1647 2636 taeeas
1679 2587 1685 2594 ”

1023 2666 1167 2706 modo.
1509 2699 1513 2703 ,
1590 2681 1644 2719 4ο

138 2748 268 2790 Miles
296 2741 447 2786 lenoni
480 2739 667 2782 Ballioni
695 2739 912 2795 epistolam
964 2764 967 2767 v
