1742 2924
453 140 469 161 ἱ

366 196 374 207 “
453 204 617 239 Acrvs
651 189 711 239 11.
763 201 924 237 semu
953 186 1059 235 VH.
1086 146 1216 235 vm.
1484 191 1577 246 23'7'

8 303 46 339 {r
96 307 331 367 Cupidine,
368 310 462 351 eius
493 309 660 364 copiam
688 306 775 349 feci
803 307 896 347 tibi.

8 395 17 402 ”
97 388 189 428 Erit
216 386 349 427 hodie
380 394 539 430 tecum,
569 382 688 438 quod
705 395 834 437 ¹amas,
854 383 972 422 ‘clam
993 393 1183 422 vxorem.
1246 381 1318 421 Sr.
1341 381 1470 424 Tace.
1530 401 1582 441 15

96 464 158 503 lta
181 474 253 501 me
279 461 338 500 Di
365 461 478 501 bene
505 467 671 506 ament,
701 469 748 498 vt
776 472 854 513 ego
883 458 956 496 vix
985 457 1176 511 reprimo
1207 455 1336 503 labra,

96 537 164 579 Ob
192 535 308 576 istam
332 542 422 575 rem
450 535 564 588 quin'
582 542 624 574 te
650 531 880 579 deosculer,
909 532 1106 585 voluptas
1135 544 1245 572 mea.

102 612 190 653 Cu.
221 611 361 666 Quid,
392 606 630 650 deosculer!
668 621 776 664 quae
800 621 866 648 res
892 606 979 646 est?
1008 607 1206 661 voluptas
1236 619 1343 661 quae
1370 608 1476 649 tua‘2

0 678 26 753 [J
106 687 190 727 02.
219 683 390 740 Ecquid
417 697 530 724 amas
561 696 680 723 nunc
707 683 807 724 me?
841 685 930 726 -.ST
962 682 1100 722 Immo
1131 680 1285 736 ‘dePOI
1315 696 1408 731 me
1453 697 1584 739 quam
1662 678 1667 682 ’

986 767 1050 802 te,
1078 757 1241 796 minus.

95 836 274 876 Licetne
302 834 501 888 amplecti
532 834 603 880 te?
655 835 740 878 Cu.
771 831 890 888 Quid
909 855 964 861 —
992 832 1194 886 amplecti
1224 832 1356 873 licet?
1533 850 1588 880 20

106 911 178 951 δῖ’.
205 911 279 957 Vt,
321 910 422 964 quia
453 920 501 950 te
527 919 676 964 tango,
711 909 798 948 mel
831 908 894 946 mi
923 907 1074 947 videor
1101 904 1286 961 lingere!

105 986 192 1027 Cu.
219 983 419 1026 Effodere
445 984 588 1024 hercle
612 985 687 1022 hic
714 983 829 1028 volt,
857 981 1010 1028 credo,
1042 981 1225 1022 veficam
1251 983 1411 1024 villico.

109 1061 191 1101 OL.
226 1061 340 1100 Vltro
369 1070 411 1100 te
438 1068 601 1101 amator
629 1071 762 1113 apage
792 1069 834 1098 te
863 1071 884 1096 a
914 1056 1039 1098 dorso
1072 1069 1186 1097 meo.

106 1136 192 1176 CH.
226 1134 368 1175 Hodie
395 1134 562 1181 hercle,
598 1133 773 1188 opinor,
812 1132 909 1172 hice
937 1132 1258 1172 conturbabunt
1284 1131 1439 1188 pedes:

100 1212 217 1258 Solet
237 1211 311 1251 hic
337 1210 531 1250 barbatos
558 1207 655 1247 sane
685 1206 835 1247 sectari
868 1205 1007 1253 senex.
1537 1223 1590 1261 25
1614 1250 1621 1256 N

99 1287 207 1327 mue
230 1285 315 1333 est,
341 1280 465 1332 iude,
503 1283 620 1339 quod
646 1284 719 1323 hic
744 1283 864 1323 hunc
886 1280 991 1322 fecit
1014 1283 1233 1323 villicum:
1272 1293 1316 1324 et
1393 1266 1398 1267 ⁷

100 1362 219 1401 Idem
243 1374 314 1400 me
339 1361 528 1415 pridem,
564 1373 698 1415 quum
728 1361 768 1398 ei
792 1357 1022 1399 aduersum
1042 1370 1263 1405 veneram,

98 1427 253 1478 Facere
274 1434 501 1476 atriensem
525 1434 718 1475 voluerat
746 1434 823 1475 sub
855 1434 996 1473 ianua.

109 1514 192 1553 01..
220 1511 274 1550 Vt
301 1511 382 1554 tibi
405 1511 644 1565 morigerus
668 1508 823 1550 hodie!
862 1517 911 1547 vt
941 1509 1154 1564 voluptati
1180 1504 1267 1547 fui!

108 1587 179 1627 ST.
210 1586 264 1624 Vt
294 1585 400 1630 tibi,
429 1585 533 1625 dum
562 1586 732 1632 vinam,
768 1587 879 1628 bene
909 1585 1042 1624 velim
1069 1583 1166 1638 plus
1197 1596 1327 1638 quam
1348 1580 1481 1623 mihi!
1536 1598 1593 1634 39

101 1661 156 1698 Vt
184 1672 264 1714 ego
294 1659 426 1700 hodie
451 1660 642 1700 Cafinam
672 1656 973 1701 deosculabor!
1014 1667 1062 1697 vt
1086 1659 1198 1699 mihi

100 1736 223 1776 Bona
246 1735 381 1786 multa
408 1733 584 1780 faciam,
614 1737 723 1775 clam
755 1721 896 1774 ineam
930 1731 1126 1773 vxorem!
1179 1734 1266 1775 Cu.
1292 1731 1446 1777 Attate‚

100 1811 229 1851 Nunc
258 1811 333 1864 pol
367 1822 447 1864 ego
473 1809 649 1850 demum
680 1813 736 1858 in¹
754 1821 912 1850 rectam
938 1808 1279 1852 rediiscmitam.

102 1887 191 1925 Hio
217 1884 330 1939 ipsus
361 1884 555 1924 Cannam
585 1885 763 1939 deperit.
796 1885 933 1925 habeo
961 1886 1091 1923 viros.
1149 1885 1222 1924 ST.
1254 1883 1344 1921 lam

100 1961 258 2001 Hercle
286 1960 535 2014 amplexari,
570 1962 657 2000 iarn
686 1959 864 2001 osculari
892 1957 1036 2013 gestio.
1541 1970 1594 2008 35

111 2037 194 2075 01..
225 2034 327 2074 Sine
355 2035 471 2089 prius
503 2033 673 2078 deduci.
716 2034 835 2088 quid,
865 2034 1040 2080 malum,
1077 2032 1316 2088 properas?
1365 2033 1439 2073 δι’.
1470 2031 1594 2073 Amo.

110 2111 196 2150 01..
226 2109 281 2149 At
311 2122 403 2149 non
430 2111 586 2164 opinor
614 2107 708 2149 fieri
737 2110 821 2150 hoc
846 2108 959 2163 poffe
989 2108 1135 2148 hodie.
1191 2110 1264 2149 Sr.
1291 2104 1445 2147 Potest.

24 2210 31 2221 .
104 2184 329 2240 Siquidem
361 2197 451 2224 cras
479 2181 622 2224 censes
655 2182 769 2238 poffe
803 2192 846 2223 te
874 2183 991 2221 mitti
1021 2196 1167 2223 manu.

108 2258 193 2299 CH.
219 2260 453 2300 Enimvero
483 2258 573 2298 huc
609 2271 729 2298 aures
766 2259 902 2313 magis
938 2257 1035 2298 sunt
1059 2255 1330 2298 adhibendae
1361 2255 1487 2296 mihi.

105 2332 194 2372 lam
221 2346 301 2388 ego
338 2347 425 2374 vno
460 2335 507 2373 in
541 2333 648 2373 [altu
678 2333 821 2389 lepide
850 2344 973 2386 apros
1002 2333 1168 2387 capiam
1192 2330 1318 2370 duos.
1541 2345 1598 2383 4⁹

112 2408 183 2447 Sr.
214 2407 340 2461 Apud
366 2409 486 2449 hunc
514 2407 704 2448 sodalem
743 2421 891 2448 meum
925 2416 1051 2462 atque
1079 2407 1279 2446 vicinum
1307 2405 1419 2444 mihi
1484 2451 1487 2455 ⁸

105 2481 244 2521 Locus
279 2481 334 2520 est
361 2494 542 2536 paratus.
572 2486 612 2523 ei
639 2496 718 2539 ego
746 2496 936 2523 amorem
970 2495 1144 2522 omnem
1171 2493 1322 2520 meum

105 2553 367 2595 Concredui:
407 2557 442 2596 is
472 2559 535 2596 mi
561 2557 601 2599 fe
628 2559 773 2599 locum
803 2559 912 2598 dixit
940 2557 1050 2598 dare.

114 2630 197 2669 01„
217 2616 350 2684 *Quid
377 2622 467 2671 eins
495 2632 634 2672 vxor?
661 2635 738 2673 vbi
767 2633 876 2673 erit?
918 2634 990 2673 ΒΤ.
1014 2631 1180 2687 ⁴Lepide
1203 2630 1389 2686 repperi.

103 2702 202 2759 Mea
230 2717 335 2746 vxor
359 2706 532 2748 vocabit
562 2708 649 2749 huc
677 2721 772 2772 epm
804 2707 855 2750 ad
884 2706 926 2749 se
955 2708 1002 2748 in
1030 2707 1215 2761 nuptias,
1540 2714 1600 2751 45>
