1742 2924
111 2543 115 2545 .
184 2505 368 2560 Fugiam
396 2503 537 2543 hercle
561 2500 719 2558 aliquo,
747 2511 877 2555 atque
905 2501 988 2540 hoc
1016 2500 1061 2537 in
1088 2498 1203 2537 diem
1230 2501 1431 2548 extollam
1460 2502 1691 2542 malum..

201 200 297 250 484
374 221 414 254 x,
705 200 912 242 mim-ts
961 186 1214 244 G‘toniost

200 315 356 369 Neque
384 311 587 367 equidem
616 313 814 355 heminas
847 323 945 356 octo
974 315 1181 371 expromfi
1219 318 1267 355 in
1292 328 1497 365 ¹vrceum3

199 390 355 445 Neque
384 390 457 429 ille
485 389 559 429 hic
591 389 780 428 calidum
817 390 982 430 exbibit
1010 380 1068 429 iis
1084 391 1330 446 prandium.

203 466 296 508 ΡΑ.
327 467 481 520 Neque
509 475 556 505 tu
576 464 760 521 bibisti?
810 466 898 505 LV.
929 466 1004 505 Dii
1033 480 1102 505 me
1131 467 1335 522 perdant,
1362 468 1389 506 fi
1417 464 1525 515 bibi,
1656 481 1708 508 2ο

203 544 251 584 Si
282 544 428 584 bibere
456 542 593 596 potui.
651 540 741 581 ΡΑ.
775 539 865 593 Qui
903 541 1019 582 iam?
1076 545 1164 582 LV.
1197 543 1312 597 Quia
1342 544 1461 584 enim
1488 543 1705 585 obsorbui.

202 619 316 660 Nam
348 619 481 658 nimis
517 616 702 661 calebat,
735 614 986 656 amburebat
1014 628 1246 671 gutturem.
1335 623 1338 626 ⁴
1413 626 1415 629 ’
1459 624 1463 627 ’
1497 625 1500 627 ’

205 698 297 740 ΡΛ.
323 695 408 736 Alii
439 693 547 734 ebrii
575 690 699 735 sunt,
731 691 803 730 alii
834 690 1004 745 poscam
1034 695 1233 747 potitant.

203 771 330 813 Bono
358 769 594 824 subpromo
627 775 670 805 et
697 778 849 820 promo
875 767 1023 807 cellam
1057 768 1286 810 creditam!

207 849 299 889 LV,
327 845 402 884 Tu
433 843 576 882 hercle
603 841 721 882 idem
752 840 944 889 faceres,
967 843 990 882 si
1023 844 1103 884 tibi
1132 845 1231 886 elset
1254 828 1445 887 credita:
1658 863 1706 900 25

204 922 427 977 Quoniam
458 920 667 959 aemulari
693 932 784 958 non
817 919 941 965 licet,
971 931 1090 959 nunc
1117 919 1304 962 inuides.
1341 921 1345 925 ’
1667 916 1674 928 ’

204 999 296 1042 Pi·
330 996 425 1036 Eho
451 1008 505 1034 an
535 1007 775 1049 numquam
801 995 982 1050 promsit
1007 996 1218 1036 antehac?
1254 995 1493 1063 responde,
1503 997 1652 1041 scelus.

205 1075 346 1130 Atque
371 1082 419 1112 vt
445 1081 491 1111 tu
523 1070 626 1109 scire
654 1069 802 1126 posfis,
838 1071 962 1111 edico
995 1071 1095 1118 tibi,
1399 1069 1430 1085 '²
1555 1079 1557 1082 ·

203 1152 250 1192 Si
280 1148 380 1191 falsa
409 1147 518 1187 dixis
549 1148 670 1187 cocio
701 1147 1013 1186 excruciabere.

203 1229 295 1269 LV.
328 1227 391 1266 Ita
420 1236 548 1268 vero,
579 1231 627 1261 vt
653 1230 700 1262 tu
731 1220 819 1277 ipse
845 1235 915 1261 me
947 1222 1092 1263 dixiffe
1121 1208 1303 1272 (16116648,μ
1656 1243 1707 1279 30

199 1301 346 1344 Postea
377 1299 516 1355 sagina
545 1310 623 1352 ego
655 1289 801 1338 eiicia}
827 1298 1008 1343 cellaria,
1387 1300 1392 1304 '

199 1378 268 1423 Vt,
300 1376 385 1415 tibi
408 1374 483 1427 qui
513 1383 694 1428 promat,
726 1373 859 1411 alium
888 1372 1167 1428 subpromum
1194 1387 1330 1429 pares.

141 1483 143 1485 ,
199 1453 293 1496 ΡΑ.
324 1451 426 1490 Non
456 1449 608 1502 edepol
641 1447 817 1487 faciam:
857 1461 934 1502 age
966 1449 1142 1502 loquere
1176 1449 1375 1490 audacter
1402 1453 1527 1493 mihi.

199 1529 291 1570 LV·
322 1526 574 1579 Numquam
604 1522 756 1578 edepol
790 1523 882 1563 vidi
921 1535 1130 1578 promere.
1167 1539 1320 1565 verum
1351 1528 1437 1570 hoc
1463 1538 1574 1568 erat:

197 1603 315 1642 Mihi
344 1599 603 1655 imperabat,
632 1612 712 1653 ego
741 1599 995 1653 promebam
1025 1598 1178 1652 postea.
1444 1628 1448 1633 .
1510 1640 1513 1647 Α
1656 1619 1706 1657 33

196 1679 290 1722 ΡΛ.
320 1673 435 1716 Hui!
472 1673 756 1714 inlecebrose!
795 1675 934 1728 capite
967 1673 1127 1713 fistebas
1161 1673 1351 1723 cadum?

198 1756 290 1796 Lr.
321 1751 423 1792 Non
452 1751 598 1791 hercle
629 1758 716 1789 tam
748 1748 849 1789 istoc
877 1749 1019 1789 valide
1051 1748 1247 1789 casabant
1271 1749 1380 1794 cadi.

197 1828 283 1869 Sed
311 1829 359 1868 in
389 1827 493 1886 cella
532 1824 587 1864 est
616 1826 795 1880 paulum
824 1825 956 1863 nimis
987 1824 1120 1862 loculi
1148 1824 1327 1864 lubrici:
1531 1846 1541 1866 a

193 1905 260 1945 Ibi
292 1914 381 1944 erat
407 1902 575 1943 bilibris
600 1900 785 1954 aqualis,
823 1896 894 1938 hic
928 1910 1099 1953 propter
1128 1898 1271 1938 cados.

192 1981 256 2020 Ea
289 1980 410 2035 saepe
438 1980 581 2019 decies
612 1975 909 2030 complebatur
936 1973 1019 2014 die.
1283 1996 1300 2002 ·⁷
1503 1988 1510 2023 ς
1648 1960 1739 2030 4οζῗ

191 2056 301 2096 Eam
324 2055 498 2110 plenam
525 2064 653 2107 atque
686 2053 860 2090 inanem
887 2047 979 2089 fieri
1011 2061 1260 2089 maxumam

190 2130 306 2170 Vidi.
338 2128 624 2170 bacchabatur
649 2129 799 2172 hama,
831 2124 1027 2166 casabant
1054 2108 1162 2164 cadi.
1724 2114 1735 2150 4

192 2207 283 2250 ΡΛ.
312 2205 419 2251 Abi,
449 2203 520 2244 abi
549 2205 663 2243 intro
697 2199 807 2247 iam,
843 2214 920 2241 vos
956 2201 1003 2238 in
1030 2201 1137 2243 cella
1166 2199 1329 2238 vinaria
1617 2247 1620 2249 μ
1708 2198 1733 2251 μ’

137 2297 164 2346 λ’
189 2272 432 2321 Bacchanal
465 2276 628 2318 facitis:
666 2279 752 2317 iam
783 2277 927 2316 hercle
951 2289 1030 2330 ego
1064 2275 1226 2314 herum.
1241 2261 1452 2322 adducam
1481 2288 1503 2316 a
1533 2275 1642 2319 foro.
1716 2284 1731 2343 g

191 2358 283 2398 LV.
315 2354 446 2399 Perii,
479 2353 747 2393 excruciabit
775 2366 844 2391 me
873 2352 1016 2397 herus,
1053 2349 1233 2388 domum
1266 2350 1293 2388 fi
1322 2351 1507 2398 venerit,
1535 2379 1575 2398 ,μ
1643 2365 1724 2416 4λὲ

188 2430 337 2485 Quom
365 2430 472 2469 haec
502 2424 612 2468 facta
640 2428 786 2474 scibit,
818 2428 935 2481 quia
946 2426 1023 2464 fibi
1053 2437 1143 2463 uon
1172 2424 1370 2464 dixerim.
1424 2468 1426 2470 ,
1507 2454 1525 2471 2
1577 2410 1727 2539 {2

1687 2543 1715 2646 {j

187 2575 544 2639 (spectatoribus)
574 2579 640 2617 Ne
673 2577 880 2621 dixeiitis,
909 2574 1099 2621 obsecro,
1130 2575 1249 2621 huic,
1279 2575 1469 2616 xostram
1491 2575 1636 2616 fidem.

183 2654 276 2696 PA.
298 2654 396 2708 Quo
417 2663 464 2693 tu
488 2663 528 2693 te
555 2653 678 2707 agis?
714 2653 805 2692 LV.
829 2651 975 2690 Milsus
999 2650 1088 2689 sum
1115 2651 1224 2689 alio·
1257 2652 1350 2690 iam
1363 2652 1452 2692 huc
1468 2662 1699 2699 reuellere.

183 2730 273 2772 ΡΛ.
291 2729 400 2784 Quis
416 2728 561 2770 mifit?
583 2729 673 2770 Lr.
687 2727 1062 2778 Philocomasium.
1082 2725 1172 2767 ΡΑ.
1189 2726 1284 2775 Abi,
1304 2734 1498 2767 actutum
1513 2724 1620 2774 redi,
1635 2712 1714 2781 503v
