1742 2892
144 158 176 206 6
370 131 371 142 ¹
680 167 1091 204 rnoonmivm.
1658 139 1695 176 '³⁸

148 277 350 329 studiis
357 276 590 327 tiibuere
619 275 886 325 interdum
918 271 1161 352 gaudent,
1193 283 1286 322 aut
1313 274 1404 337 qui
1434 274 1656 325 iuuenes

145 357 348 414 praeter
370 346 661 410 scriptores,
697 345 905 408 publice
936 344 999 390 iis
1033 343 1276 406 explicari
1303 343 1495 400 solitos,
1529 345 1659 392 alios

145 431 364 478 quoque
388 415 598 490 priuato
621 411 795 459 studio
825 428 921 458 suo
945 412 1166 474 cupiunt
1191 426 1418 467 noscere,
1450 411 1537 458 alii
1567 411 1659 459 ob-

149 482 462 536 scoenitatis,
485 497 584 543 qua
608 480 821 528 Plautus
849 477 1041 543 flagi-‚at
1069 478 1332 525 infamiam
1361 478 1659 537 abhorrent,

149 551 237 597 alii
266 550 391 596 locis
414 548 810 604 difficilioribus,
832 548 1018 609 quauis
1041 544 1147 594 fele
1173 563 1318 593 scena
1341 546 1439 593 sibi
1470 546 1660 604 obuiis,

149 633 275 665 mox
306 606 668 680 defatigantui.
704 614 1074 665 §auctioribus
1099 615 1261 678 igitur
1293 615 1403 662 istis
1425 612 1662 679 ap010gia

151 685 339 747 aliqua,
374 700 529 746 quam
559 685 739 731 Plauti
759 684 822 730 de
855 681 1074 731 motibus
1101 682 1311 739 subieci,
1336 682 1663 745 scrupulum,

153 753 243 814 qui
276 768 362 798 eos
382 752 587 816 panon,
611 769 671 799 ex
706 752 880 797 animo
908 750 1168 807 euulsuni‚
1201 750 1462 797 tiionibus
1489 760 1664 798 autem

154 820 543 867 Commentario
580 835 698 865 meo
731 819 806 889 iui
851 819 1162 865 consultum.
1237 821 1374 865 Haec
1412 818 1553 865 enim
1589 825 1666 864 est

154 886 402 934 editionis
429 903 570 935 meae
603 888 761 933 ratio:
802 886 1044 934 Plautum
1068 902 1247 933 meum
1267 885 1523 933 610110111
1550 885 1666 956 qui-

154 953 276 1002 dem
307 971 335 1002 e
360 955 660 1002 recensione
688 952 1087 1018 exprimendum
1113 954 1309 1008 curaui,
1340 964 1390 1000 at
1419 969 1524 1000 non
1559 963 1668 1000 tam

157 1031 331 1069 sancte
362 1024 416 1068 in
450 1021 603 1068 verba
635 1021 745 1068 eius
785 1022 1001 1076 iuratus,
1037 1032 1092 1066 xt
1116 1023 1246 1067 alius
1271 1021 1460 1083 passim
1491 1020 1700 1085 magni‘

158 1089 390 1137 nominis
429 1089 604 1140 critici
653 1089 958 1134 auctoritate
982 1089 1415 1151 ffa1g121nentisque
1462 1087 1671 1135 moueri

157 1166 290 1204 esset
315 1156 514 1219 religio.
585 1158 643 1202 In
685 1155 863 1201 metris
884 1155 1053 1202 Plauti
1091 1154 1422 1201 dimetiendis
1454 1154 1672 1202 desuda-

157 1233 354 1271 verunt
384 1222 554 1277 multi,
584 1232 632 1268 at
664 1223 841 1269 nullus
878 1233 1051 1269 tamen
1083 1221 1322 1269 subcessu
1364 1221 1535 1269 adhuc
1566 1232 1674 1274 tam

159 1307 429 1366 prosper‚o
461 1300 516 1336 vt
539 1288 775 1365 pedibus,
802 1305 959 1350 quam
988 1290 1044 1335 in
1077 1290 1379 1336 sententiam
1408 1289 1670 1348 deber,ent

159 1359 344 1405 ceteris
377 1357 576 1405 Criticis
604 1358 681 1404 ire
724 1355 1044 1403 vider-emm.
1116 1359 1230 1403 Hoc
1264 1356 1425 1412 vicus,
1465 1355 1530 1404 de
1563 1373 1672 1418 quo

160 1423 429 1475 sanando
416 1441 516 1471 iarn
546 1426 724 1472 Cicero
757 1423 1046 1487 desperasse
1071 1423 1303 1480 videtur,
1327 1440 1425 1488 ego
1454 1423 1675 1487 quidem

160 1509 323 1540 ausus
366 1508 474 1540 non
518 1508 632 1539 sum
675 1502 896 1556 tangere.
986 1495 1027 1538 E
1070 1492 1459 1541 Commentario
1498 1502 1675 1539 autem

161 1575 298 1609 :meo
317 1560 460 1607 viros
494 1558 672 1606 doctos
707 1559 840 1606 hanc
878 1570 1014 1606 cette
1057 1559 1479 1606 commoditatem
1529 1559 1678 1607 volui

1739 790 1742 794 .
1705 638 1742 763 ,ama-31·
1718 558 1742 619 ξω
1728 512 1734 531 v·
1718 437 1742 485 »22

164 1629 461 1704 percipere,
506 1637 586 1682 vt,
632 1643 763 1690 quae
798 1627 1104 1691 interpretes
1132 1627 1301 1674 Plauti
1343 1629 1554 1674 vberius
1590 1642 1676 1675 ex·
1734 1660 1737 1664 -

165 1695 462 1771 posuerint
475 1704 658 1741 notatu
690 1692 942 1758 dignioinja
982 1710 1166 1741 eorum
1203 1684 1478 1750 summam,
1517 1711 1678 1757 quam
1738 1721 1742 1723 -

167 1762 493 1828 paucissimis
534 1734 775 1823 quidemn
783 1761 953 1808 verbis
998 1760 1109 1808 fieti
1157 1773 1354 1826 posset,
1401 1762 1679 1810 inueniant
1720 1759 1724 1768 ’

166 1829 628 1907 compendiariam.
699 1833 843 1893 Quae
877 1830 933 1876 in
974 1831 1314 1905 aigumentis,
1363 1845 1496 1891 quae
1537 1846 1678 1878 noua

168 1899 341 1946 cuiuis
372 1895 574 1943 fabulae
609 1895 846 1960 praefixi,
884 1907 1038 1972 atque
1070 1898 1126 1943 in
1159 1897 1297 1944 notis
1326 1895 1489 1944 adieci
1520 1913 1677 1956 noua,

169 1981 339 2026 aequo
377 1964 777 2041 intelligentium
814 1965 1038 2011 examini
1070 1965 1326 2027 relinquo.
1401 1967 1460 2012 In
1496 1966 1680 2029 plimis

169 2043 346 2080 autem
391 2032 684 2079 iuuentutis
728 2030 988 2078 studiosae
1035 2033 1289 2079 rationem
1341 2036 1527 2095 putaui
1574 2049 1681 2082 esse

169 2097 490 2153 habendam,
527 2110 608 2155 vt,
644 2115 1004 2161 quaecumque
1036 2100 1321 2163 legentium
1355 2098 1682 2149 festinationi

168 2183 349 2215 morae
395 2167 498 2214 sint
543 2167 938 2229 molestiaeque,
996 2167 1174 2229 paucis
1216 2166 1429 2230 quidem
1471 2179 1522 2215 at
1563 2185 1682 2234 pel-1

168 2301 401 2351 rioribus
447 2302 639 2348 molem
691 2301 810 2347 libri
858 2317 1046 2364 augete
1097 2302 1273 2359 nolui,
1327 2302 1495 2366 quod,
1549 2319 1682 2366 quae

170 2367 239 2416 ad
280 2368 583 2416 latinitatem
625 2367 885 2426 adtinent,
927 2385 1040 2425 seu,
1088 2385 1195 2432 quo
1224 2369 1341 2417 loco
1374 2369 1683 2428 obcurrunt,

171 2451 267 2484 seu
323 2435 453 2492 alio,
524 2436 596 2482 ibi
652 2438 834 2491 citato,
897 2436 1241 2500 explicantur;
1322 2441 1502 2485 rerum
1554 2453 1683 2489 vero

172 2518 325 2551 causa
370 2518 527 2550 nemo
567 2502 715 2550 facile
758 2503 1003 2551 Plautum
1057 2505 1289 2561 euoluit,
1345 2521 1463 2562 seu,
1516 2504 1684 2552 sicubi

171 2570 478 2620 Plautinum
520 2570 696 2617 locum
743 2571 955 2617 citatum
998 2570 1061 2618 de
1104 2573 1273 2633 aliqua
1315 2589 1371 2620 re
1415 2573 1683 2636 repererit,

173 2637 364 2685 eodem
406 2638 543 2696 loco,
590 2637 733 2701 quod
771 2654 905 2702 opus
936 2637 1133 2698 fuerat,
1188 2639 1390 2688 dictum
1434 2639 1498 2688 de
1536 2656 1593 2688 ea
1629 2655 1686 2689 re

170 2705 423 2756 inueniet.

98 2292 100 2295 v
171 2235 352 2298 spicue
394 2234 806 2297 explanarentur
902 2232 1167 2281 Indicibus
1213 2234 1517 2283 adiiciendis
1559 2235 1683 2283 vbe—
1717 2257 1742 2264 ·*
