1742 2924
577 197 743 234 κει-νε
776 183 834 232 fl.
886 195 1049 231 scam
1082 183 1142 233 11.
1514 189 1607 244 ⁴6¹

105 302 309 364 Μῴἰειω
327 305 427 346 'illic
454 306 587 346 homo
614 315 707 344 rem
738 301 970 358 incipissis:
1007 315 1165 360 magua
1190 292 1338 347 munis
1366 311 1556 351 moenia.

105 376 222 425 faite
247 395 361 422 vnus
394 382 421 420 fi
450 381 639 435 recipere
668 380 755 420 hoc
784 379 837 418 ad
866 389 908 420 te
939 379 1074 426 dicis,
1113 379 1375 424 confidentia
1408 383 1477 432 est,

107 459 206 501 Nos„
227 459 434 498 inimicos
465 455 686 511 profligare
715 454 844 510 poss'e.
905 457 996 498 Par.
1027 456 1139 496 Dico
1172 467 1216 496 et
1247 459 1410 512 recipio
1562 476 1613 513 75

107 534 173 577 Ad
201 545 285 575 me.
334 524 424 574 PB.
453 532 508 571 Et
533 543 620 586 ego
651 531 968 586 inpetraturum
1003 531 1103 574 dico
1131 531 1176 571 id
1206 533 1324 588 quod
1353 536 1479 590 petis.
1524 539 1616 581 ΡΛ.

418 598 419 602 ’
990 607 1043 646 At
1079 617 1122 647 te
1152 608 1317 662 Iupiter

110 685 232 725 Bene
262 674 388 724 amet}
437 683 522 724 Pa.
552 684 605 723 At
638 683 811 736 inperti‚
843 683 995 728 amice,
1034 695 1118 729 me,
1157 683 1278 738 quod
1315 692 1618 730 commentu’s.

861 814 866 818 ἡ
996 759 1087 798 ΡΑ.
1115 758 1244 805 Tace,

111 827 231 892 Dum
255 835 303 874 in
334 835 557 891 regionem
590 834 835 875 astutiarum
866 845 1063 885 mearum
1104 841 1143 891 te
1173 833 1351 881 induco,
1378 846 1426 876 vt
1461 838 1566 880 scias

112 907 234 951 quta
259 922 435 951 mecum
463 923 559 950 mea
587 909 775 949 confilia.
836 910 923 948 PE.
960 908 1084 948 Salua
1110 907 1247 949 sumes
1272 911 1483 953 indidem.

1 1012 6 1020 x
56 1025 61 1029 ,
114 988 207 1028 ΡΛ.
231 986 372 1026 Herus
390 999 514 1032 meus
529 984 746 1037 elephanti
766 984 885 1023 corio
907 984 1220 1025 circumtemus
1242 985 1311 1031 est,
1334 1000 1425 1027 non
1447 987 1545 1031 suo:
1570 977 1636 1033 80'

115 1062 274 1115 Neque
285 1061 414 1100 habet
429 1058 527 1116 plus
547 1058 793 1113 sapientiae,
810 1073 940 1114 quam
961 1060 1189 1115 lapis.xP13.
1202 1061 1387 1116 Egomet
1403 1062 1508 1105 istuc
1524 1065 1626 1109 scio.

119 1140 211 1179 ΡΑ.
244 1137 372 1178 Nunc
406 1138 461 1176 fic
487 1138 703 1176 rationem
739 1135 993 1191 incipiss'am,
1022 1136 1135 1176 hanc
1168 1135 1385 1177 instituam
1412 1138 1639 1190 astutiam(

110 1214 181 1254 ‚Vt
199 1212 511 1255 Philocomafio
538 1212 662 1251 ‘hanc
700 1208 886 1251 sororem
914 1211 1132 1265 geminam
1170 1225 1420 1267 germanam
1448 1218 1626 1260 alteram

117 1289 270 1343 Dicam
302 1289 482 1329 Athenis
511 1286 727 1338 adueniss'e
757 1299 857 1325 cnm
889 1295 1075 1329 amatore
1105 1288 1251 1342 aliquo
1282 1286 1374 1335 suo,

118 1364 231 1405 Tam
281 1363 486 1409 fimilem,
539 1375 671 1419 quam
719 1361 829 1402 lacte
875 1362 975 1402 lacti
1027 1361 1107 1401 est:
1177 1363 1291 1418 apud
1342 1375 1384 1405 te
1436 1379 1509 1408 eos
1556 1369 1631 1411 hic

1000 1437 1234 1487 devortier,
1577 1449 1598 1485 8
1609 1459 1627 1494 ς

119 1513 509 1571 Πίοειιι,δοΐρίῑὶο.
572 1514 660 1553 ΡΞ.
692 1512 835 1568 Euge,
872 1525 1002 1568 euge,
1042 1514 1209 1569 lepide:
1254 1514 1381 1556 laudo
1414 1529 1634 1559 commen-

1001 1597 1094 1628 tum
1131 1598 1274 1631 tunsi]-
1408 1642 1413 1648 v.

129 1667 220 1707 ΡΛ.
252 1663 308 1703 Vt
329 1664 365 1716 *fi
396 1665 486 1703 illic
514 1665 852 1704 concriminatus
883 1666 930 1703 fit
958 1663 1188 1717 aduersum
1220 1668 1410 1713 Militem

126 1739 252 1780 Meus
281 1736 540 1786 conserues,
565 1753 659 1779 eam
688 1739 838 1779 vidiffe
869 1753 967 1778 cum
998 1741 1140 1781 alieno
1173 1741 1411 1792 oscularier‚

127 1815 234 1855 Eam
264 1828 444 1869 arguam
474 1814 624 1854 vidiffe
652 1815 765 1870 apud
798 1825 839 1854 te
871 1824 1020 1854 contra
1052 1815 1304 1857 conseruom
1336 1835 1485 1863 meum

129 1890 241 1931 Cum
265 1891 339 1931 suo
360 1901 550 1931 amatore
576 1891 889 1943 amplexantem
914 1900 1041 1945 atque
1064 1888 1341 1935 osculantem.
1384 1900 1471 1939 PE.
1494 1901 1632 1945 humo

1009 1973 1055 2002 vt
1085 1976 1277 2020 optume.
1582 1952 1649 2029 90x

132 2039 253 2080 Idem
277 2053 357 2096 ego
391 2041 547 2085 dicam,
576 2039 606 2078 st
636 2053 707 2079 me
737 2041 935 2094 exquiret
955 2040 1098 2080 Miles.
1149 2043 1240 2084 ΡΑ.
1271 2043 1356 2085 Sed
1388 2048 1638 2101 [imillumas

133 2117 280 2156 Dicito
311 2115 414 2156 effe:
456 2127 498 2156 et
526 2115 838 2155 Philocomafio
872 2114 917 2154 id
949 2117 1307 2170 praecipiendum
1342 2119 1412 2169 est,
1442 2136 1489 2164 vt
1520 2124 1639 2175 sciat,

134 2190 203 2231 Ne
219 2191 393 2238 titubet,
418 2192 445 2231 fi
464 2200 639 2247 quaeret
668 2184 788 2230 exea
811 2188 952 2229 Miles.
992 2192 1077 2231 PE.
1098 2192 1241 2233 Nimis
1264 2194 1442 2238 doctum
1463 2199 1610 2243 dolum
1630 2204 1641 2246 !

137 2265 222 2307 Sed
247 2267 275 2306 fi
301 2266 446 2307 ambae
473 2265 622 2306 videre
653 2266 701 2304 in
726 2277 816 2304 vno
843 2264 972 2305 Miles
1003 2268 1192 2308 concilio
1223 2271 1353 2316 volet,

138 2340 261 2396 Quid
294 2324 499 2397 agimus?
567 2342 659 2382 ΡΛ.
706 2339 848 2381 Facile
898 2338 976 2380 est:
1028 2351 1244 2383 trecentae
1281 2346 1452 2399 poffunt
1496 2351 1643 2392 causae

1019 2418 1203 2472 conligi:

146 2488 248 2529 Non
281 2489 401 2531 domi
431 2491 502 2540 est,
532 2492 641 2532 abiit
671 2490 958 2536 ambulatum,
986 2489 1163 2538 dormit,
1192 2505 1383 2542 ornatur,
1414 2499 1542 2547 lauat,

146 2563 344 2612 Prandet,
372 2548 506 2622 liotat,
538 2565 818 2620 obcupata’st:
860 2577 1012 2619 operae
1037 2578 1126 2606 non
1155 2565 1232 2606 est:
1264 2584 1355 2610 non
1387 2573 1533 2625 potest,

151 2637 372 2692 Quantum
395 2642 462 2681 vis
495 2642 801 2697 prolationum,
831 2636 1100 2681 dnm‘modo
1129 2654 1248 2682 nunc
1275 2646 1408 2699 prima
1440 2649 1508 2686 via

150 2713 435 2768 Inducamuo,
458 2729 560 2758 vera
588 2727 637 2758 vt
667 2717 746 2759 effe
776 2717 921 2758 credat
949 2728 1058 2771 quae
1086 2717 1356 2760 mentibitur.

1588 2441 1639 2479 95
