1742 2924
191 187 287 238 473
657 183 896 252 sumus
914 184 1198 241 Ιοιοιυοει

183 303 283 348 ΡΑ,
314 295 434 352 Quid
464 294 518 335 ad
546 291 640 334 illas
667 302 778 335 artes
805 290 989 348 optastis,
1023 293 1050 332 fi
1084 290 1204 347 optio
1237 291 1410 337 eueniat
1440 293 1555 352 tibi?
1638 312 1702 354 75„

189 380 276 423 PL.
308 371 451 415 Huius
479 385 556 427 pro
580 366 749 412 meritis
779 381 828 411 vt
857 367 1007 411 referri
1037 367 1195 424 pariter
1228 368 1353 424 poffit
1386 371 1518 427 gratia

188 451 396 508 -Tib'ique‚
427 445 586 504 quibus
618 460 736 487 nunc
755 462 826 487 me
852 447 931 487 esse
953 444 1152 499 experior
1178 446 1366 487 summae
1394 446 1698 492 sollicitudini..
1737 459 1740 466 '

185 531 241 573 At
274 524 355 567 tibi
383 535 502 565 tanto
525 519 685 564 sumtui
706 522 787 562 effe
802 520 916 564 mihi
940 522 1168 563 molestum
1190 523 1258 564 est.
1298 525 1384 565 Pu.
1403 525 1552 567 Morus
1576 541 1635 568 es.

187 608 303 648 Nam
322 603 370 644 in
389 603 500 643 mala
520 613 650 640 vxore
672 607 799 653 atque
817 595 998 641 inimico
1028 601 1053 640 fi
1084 599 1189 655 quid
1214 600 1380 646 sumas,
1396 589 1590 656 sumptus
1611 604 1691 647 est:

178 686 238 726 vIn
264 683 383 723 bono
404 662 572 731 hospite
604 683 730 728 atque
755 670 910 720 amico,
940 675 1133 730 quaestus
1159 675 1227 722 est,
1254 675 1371 731 quod
1393 673 1598 718 sumitur:
1639 683 1693 720 80

181 759 255 805 Et,
286 755 403 813 quod
432 752 479 793 in
506 747 668 791 diuinis
699 750 827 789 rebus
857 747 1011 796 sumas,
1041 748 1222 805 sapienti
1250 752 1367 790 lucro
1398 750 1469 792 est.

183 836 331 875 Deum
369 828 534 870 virtute
562 837 612 867 vt
637 836 935 867 transeuntem
971 822 1157 880 hospitio
1199 823 1436 881 adcipiam,
1478 828 1594 882 apud
1619 841 1691 870 me

1089 897 1148 940 est
1176 897 1371 941 comitas.

181 984 264 1031 Es,
305 978 431 1029 bibe,
474 974 626 1019 animo
658 975 893 1033 obsequere
920 989 1120 1024 mecum,
1177 988 1304 1032 atque
1341 990 1473 1018 onera
1509 989 1554 1020 te
1585 978 1695 1022 hila·

1086 1051 1294 1095 ritudine.

182 1115 365 1179 Liberae
389 1135 487 1175 sunt
507 1127 648 1172 aedis:
677 1128 786 1170 liber
810 1128 906 1169 sum
935 1139 1082 1171 autem
1108 1144 1210 1186 ego:
1243 1144 1313 1170 me
1332 1128 1395 1171 vti
1420 1133 1522 1174 volo
1543 1131 1693 1177 libere.

175 1214 298 1257 'Nam
327 1207 452 1256 mihi,
483 1210 628 1248 Deum
660 1204 821 1245 virtute
848 1203 1004 1254 dicam,
1034 1217 1207 1263 propter
1241 1204 1415 1248 diuitias
1447 1221 1566 1249 meas
1639 1215 1690 1262 85

182 1286 331 1330 Licuit
358 1298 538 1327 vxorem
573 1283 780 1327 dotatam,
821 1296 976 1336 genere
1007 1283 1190 1330 summo,
1220 1285 1399 1325 ducere:

183 1364 271 1405 Sed
303 1364 408 1403 nolo
437 1357 550 1401 mihi
585 1355 899 1399 oblatratricem
929 1355 974 1398 in
1007 1358 1125 1399 aedis
1165 1357 1470 1404 intromittere.
1640 1409 1644 1413 ,

179 1441 268 1484 Pr„
298 1439 388 1480 Cur
415 1450 508 1476 non
541 1434 640 1476 vis?
677 1449 779 1475 nam
803 1447 1025 1490 procreare
1059 1431 1214 1475 liberos
1248 1433 1443 1489 lepidum
1472 1438 1528 1478 est
1565 1452 1690 1483 onus.

150 1544 153 1550 .
181 1515 272 1563 Pu.
304 1513 461 1552 Hercle
489 1525 607 1558 vero,
636 1509 822 1551 liberum
850 1510 944 1556 effe,
977 1506 1022 1547 id
1054 1511 1195 1556 multo
1236 1509 1296 1559 est,
1325 1509 1525 1566 lepidius.

182 1588 275 1631 ΡΑ.
288 1587 404 1626 Tute
422 1587 555 1626 homo
579 1597 622 1628 et
646 1585 764 1627 alteri
783 1585 994 1642 sapienter
1014 1583 1127 1639 potis
1147 1598 1190 1625 es
1208 1586 1441 1635 consulere,
1467 1600 1509 1630 et
1527 1589 1622 1637 tibi,
1638 1605 1694 1645 9⁶

180 1663 266 1705 PE.
283 1662 410 1720 ‚Nam
438 1661 552 1700 bona
577 1677 694 1709 vxor,
730 1663 759 1701 fi
781 1675 829 1701 ea
858 1662 1042 1702 deducta
1078 1659 1135 1701 est
1162 1676 1339 1718 vsquam
1367 1660 1578 1717 gentium,

173 1735 263 1778 ‘vbi
286 1752 382 1779 eam
415 1736 571 1793 posslm
595 1734 830 1778 inuenire?
862 1750 1014 1778 verum
1036 1752 1174 1795 egone
1194 1753 1287 1779 eam
1315 1739 1473 1780 ducam
1495 1741 1692 1795 domum,
1734 1779 1742 1797 3

183 1814 308 1870 Quae
341 1812 455 1855 mihi
488 1827 730 1870 numquam
762 1814 849 1852 hoc
884 1809 1020 1855 dicat:
1060 1827 1156 1854 eme
1182 1813 1244 1854 mi
1283 1813 1352 1853 vir
1378 1818 1543 1866 lanam,
1572 1821 1692 1862 vnde

1086 1881 1166 1924 tibi
1197 1882 1376 1939 pallium
1610 1895 1612 1897 “

177 1957 399 2000 Malacam
422 1967 464 1998 et
490 1957 679 2001 calidum
713 1955 982 2004 conficiatur,
1010 1957 1270 2016 tunicaeque
1298 1957 1507 2004 hibernae
1534 1963 1690 2013 bonae,

180 2036 248 2077 Ne
293 2036 431 2091 algeas
474 2036 556 2077 hac
602 2033 785 2077 hieme?
836 2035 923 2074 hoc
959 2047 1195 2091 numquam
1234 2036 1417 2077 verbum
1461 2051 1514 2080 ex
1556 2052 1690 2080 vxor-e
1740 2075 1742 2079 ,

838 2102 839 2105 “
1085 2102 1255 2146 audias!
1629 2123 1681 2162 95
1739 2159 1742 2163 Ι

177 2186 340 2228 Verum
366 2183 487 2243 prius
517 2199 649 2241 quarn
679 2180 778 2240 galli
811 2194 998 2229 cantent,
1028 2195 1140 2238 quae
1163 2194 1235 2220 me
1263 2178 1414 2223 somno
1441 2180 1630 2232 suscitet,

175 2261 327 2305 Dicat:
366 2265 431 2313 Da
466 2259 591 2307 mihi,
621 2258 701 2305 vir,
732 2255 934 2298 Calendis
963 2271 1106 2298 meam
1136 2255 1254 2311 quod
1286 2266 1471 2298 matrem
1498 2255 1687 2302 iuuerit:

174 2324 243 2379 Da
268 2336 343 2394 qui
373 2336 536 2384 farciat,
567 2339 619 2378 da
653 2333 728 2392 qui
756 2333 954 2376 condiat:
993 2335 1044 2373 da
1073 2333 1191 2388 quod
1217 2332 1317 2371 dem
1336 2322 1686 2388 Quinquatribus

174 2411 528 2460 Praecantatrici‚
561 2407 835 2457 coniectrici‚
872 2407 1058 2449 hariolae
1092 2418 1220 2462 atque
1249 2405 1518 2462 haruspicae!

173 2488 410 2546 Flagitium
444 2489 514 2534 est,
546 2489 572 2528 fi
605 2485 714 2528 nihil
743 2484 948 2526 mittetur.
978 2497 1066 2539 quo
1095 2478 1321 2536 supercilio
1351 2480 1498 2537 spicit!
1606 2498 1686 2533 ως

173 2564 294 2605 Tum
319 2563 560 2620 piatricem‚
597 2565 830 2603 clementer
860 2575 951 2601 non
985 2556 1134 2614 potest,
1167 2554 1275 2611 quin
1302 2570 1544 2598 munerem.

173 2640 263 2680 Iam
295 2637 479 2695 pridem,
512 2636 611 2696 quia
642 2635 754 2678 nihil
782 2633 1018 2679 abstulerit,
1047 2631 1269 2672 subcenset
1300 2629 1474 2687 geraria.

171 2715 288 2758 Tum
325 2714 521 2759 obstetrix
553 2709 835 2770 expostulauit
867 2724 1057 2757 mecum,
1087 2721 1239 2764 parum
1270 2706 1442 2753 miffum
1476 2703 1564 2749 fibi.

1732 2231 1742 2366 ὲ

1724 2425 1742 2583 3

1730 2816 1739 2834 l
