1742 2924
104 176 105 179 =
159 149 253 196 842
701 152 1110 192 Tnvcvmznrr

155 261 288 305 Sunt!
320 275 427 319 quot
458 262 522 303 sui
552 261 710 320 pericla
741 262 946 304 amanda!
983 261 1041 303 Di
1068 258 1252 306 &rostram
1277 244 1442 316 fldem,
1464 258 1573 305 hui!

153 338 272 395 Quid
300 338 601 395 perierandum
633 335 870 385 est‘etiam,
900 349 1066 393 praeter
1093 337 1295 380 munera!

148 413 348 457 Primum
376 415 480 455 dum
504 405 640 456 miros
667 428 835 456 annua:
871 411 907 454 is
933 411 1102 468 primus
1129 414 1294 456 bolu’st.
1546 442 1551 451 ι
1601 401 1653 471 ξφ

147 493 218 534 Ob
251 508 346 534 eam
377 490 452 534 tris
484 502 633 533 noctes
664 503 773 532 vtor.
809 475 971 530 interea
998 487 1084 530 loci
1379 490 1387 494 '
1650 489 1658 494 ’

146 570 235 612 Aut
262 582 378 616 aera,
409 579 483 610 aut
514 565 691 613 vinum,
729 577 804 607 aut
831 567 997 612 oleum,
1028 575 1101 605 aut
1126 561 1323 606 triticum
1357 576 1394 621 ³²1³-
1411 583 1463 612 A·

141 639 329 690 Tentat,
361 642 632 699 benignusne
661 655 716 681 an
739 641 882 681 bonae
910 636 1025 694 frugi
1055 640 1143 680 fies.

145 715 272 774 Quasi
302 716 350 758 in
375 716 585 774 piscinam
615 725 707 756 rete
735 713 810 771 qui
841 712 1031 756 iaculum
1063 727 1195 771 parat,

143 796 332 851 Quando
361 794 469 836 abiit
497 803 586 836 ret-e
615 791 800 847 pessum,
833 801 927 831 tum
957 788 1135 832 adducit
1162 791 1322 834 finum:
1366 776 1371 782 ἲ
1597 806 1643 845 ις

142 870 221 913 Sin
253 869 356 912 iecit
385 882 525 917 recte,
559 867 694 924 pisces
722 881 778 908 ue
806 864 1038 922 effugiant,
1081 876 1226 910 cauet:

135 948 258 988 Dum
282 950 371 989 huc
403 946 509 987 dum
537 943 643 987 illuc
671 943 754 986 reti
785 959 859 986 eos
883 942 1054 999 inpedit

135 1023 299 1071 Pisces,
333 1035 471 1079 vsque
505 1022 610 1062 adeo
638 1019 845 1062 donicum
876 1019 1027 1061 eduxit
1055 1020 1180 1061 foras.

133 1097 293 1140 Itidem
324 1098 382 1139 est
413 1108 588 1139 amator.
620 1097 693 1138 sed
721 1098 791 1144 id,
821 1097 953 1152 quod²
967 1108 1130 1145 oratur,
1159 1097 1293 1143 dedit,

131 1176 274 1230 Atque
305 1173 361 1214 est
391 1171 608 1229 benignus
636 1172 783 1230 potius
815 1187 945 1228 quam
977 1174 1094 1231 frugi
1128 1176 1283 1216 bonae.
1586 1182 1643 1222 κο

131 1252 364 1295 Adduntur
391 1259 565 1291 noctes:
605 1248 780 1290 interim
812 1248 887 1290 ille
918 1250 1099 1289 hamum
1128 1257 1264 1290 vorat.

129 1328 178 1370 Si
206 1329 336 1370 semel
362 1323 521 1368 amoris
547 1328 755 1380 poculum
787 1324 958 1381 adcepit
988 1339 1119 1372 mere,

122 1407 279 1461 'anue
309 1403 420 1445 intra
451 1411 602 1459 pectus
633 1399 675 1440 se
702 1399 949 1456 penetrauit
978 1400 1115 1456 potio,
1160 1444 1164 1448 ,

125 1483 356 1536 Extemplo
387 1492 430 1521 et
458 1477 575 1535 ipsus
605 1475 755 1533 periit,
798 1487 840 1518 et
868 1491 959 1525 ree,
1000 1487 1043 1519 et
1067 1477 1187 1518 fides.

125 1558 174 1600 Si
201 1557 360 1598 iratum
390 1555 446 1595 est
470 1552 656 1594 scortum
690 1550 800 1593 forte
827 1550 1008 1594 amatori
1035 1552 1127 1600 suo,
1244 1590 1246 1594 ,
1448 1562 1452 1569 ’
1581 1569 1636 1609 29
1658 1589 1662 1591 ,

122 1635 201 1677 Bis
230 1630 361 1690 periit
392 1641 579 1676 amator,
611 1628 662 1667 ab
689 1643 735 1668 re
764 1638 893 1683 atque
926 1627 1074 1670 animo
1105 1628 1239 1670 fimul.

124 1709 202 1753 Sin
233 1711 338 1750 alter
367 1702 489 1746 alteri
516 1703 660 1758 potior
690 1703 766 1749 est,
797 1701 915 1745 idem
943 1704 1081 1762 perit:

124 1785 173 1828 Si
201 1797 311 1825 raras
340 1792 490 1822 noctes
521 1779 666 1826 ducit,
696 1782 748 1821 ab
778 1778 924 1822 animo
953 1779 1089 1836 perit:

106 1860 201 1903 -Sin
233 1855 518 1904 increbrauit‚
545 1856 661 1911 ipsus
691 1858 873 1912 gaudet,
902 1871 968 1898 res
995 1856 1123 1913 perit.

116 1939 180 1978 Ita
212 1931 437 1988 disciplina
462 1931 510 1970 in
542 1931 722 1972 aedibus
759 1931 815 1972 est
845 1931 1047 1981 lenoniis,
1573 1948 1627 1987 30

116 2011 243 2057 Prius
273 2025 403 2067 quam
429 2023 568 2049 vnum
598 2004 792 2055 dederis,
834 2019 1014 2049 centum
1043 2020 1162 2064 quae·
1182 2007 1351 2063 poscat,
1381 2018 1513 2065 parat.
1574 2038 1582 2045 -

114 2093 202 2133 Aut
227 2102 379 2131 aurum
406 2082 558 2142 periit,
600 2093 679 2122 aut
705 2079 902 2123 consciffa
935 2082 1092 2137 pallula
1123 2081 1192 2128 est,

114 2168 202 2208 Aut
228 2174 373 2218 empta
401 2161 577 2205 ancilla,
620 2170 694 2200 aut
726 2156 901 2213 aliquod
932 2155 1083 2214 vasum
1113 2144 1378 2212 argenteum,

112 2242 199 2284 Aut
228 2237 377 2280 vasum
405 2251 564 2278 aenum
593 2234 792 2290 aliquod,
823 2242 896 2274 aut
923 2233 1059 2273 lectus
1090 2230 1270 2288 dapsilis,
1309 2223 1311 2225 ¹
1343 2242 1348 2248 ·

112 2321 199 2361 Aut
231 2314 459 2358 armariola
487 2313 641 2354 Graeca
660 2339 671 2358 ‚
703 2320 776 2349 aut
804 2306 968 2363 aliquid
998 2306 1165 2362 semper
1192 2307 1266 2355 est,
1568 2323 1588 2360 3
1598 2322 1640 2362 ςν

92 2376 246 2451 ‘Quod
273 2398 441 2449 pereat,
482 2387 723 2441 debeatque
753 2396 900 2423 amans
928 2383 1069 2424 scorto
1097 2383 1188 2424 suo.
1637 2372 1639 2374 V

109 2472 251 2526 Atque
279 2469 388 2507 haec
417 2465 607 2505 celamus
639 2469 720 2501 nos
748 2459 928 2504 damna,
955 2471 1040 2497 vna
1071 2455 1274 2498 industria
1559 2517 1561 2520 v

109 2547 262 2602 Quum
290 2555 382 2582 rem
412 2539 630 2592 fidemque
657 2547 825 2590 nosque
849 2539 1026 2574 nosmet
1052 2529 1288 2587 perdimus,
1599 2540 1628 2583 ,ᾗ

107 2622 175 2663 Ne
205 2616 314 2676 quid
345 2625 569 2673 parentes,
598 2626 686 2654 neu
713 2609 883 2668 cognati
913 2605 1110 2648 sentiant.
1619 2611 1621 2614 ⁴

107 2695 232 2751 Quos
264 2707 399 2751 quum
435 2692 646 2736 celamus,
684 2691 713 2729 fi
742 2686 928 2730 faximus
954 2682 1162 2732 conscios,
1447 2726 1449 2729 Α
1562 2689 1620 2734 46
