1742 2924
191 187 256 236 94
782 175 1094 226 AsmARiA

191 301 268 340 Lr.
284 297 482 338 Sermoni
501 297 587 338 iam
607 295 738 336 finem
758 294 850 334 face
868 287 966 337 ¹tuo:
989 298 1119 339 huius
1134 289 1375 344 sermonem
1391 294 1616 363 adcipiam.
1643 302 1692 364 13¹

193 378 276 417 An.
301 374 414 415 Vale.
475 375 566 413 PH.
590 372 690 425 Qu‘o
712 371 947 425 properas?
999 378 1083 415 Aa.
1106 375 1225 416 Bene
1246 380 1340 418 vale
1355 394 1377 420 ε·
1395 383 1516 437 -apu'd
1531 385 1694 427 orcum

989 453 994 459 ⁴
1055 452 1112 484 -te
1144 445 1319 487 videbo.
1375 462 1381 466 ⁷

191 515 304 556 Nam
333 511 536 569 equidem
565 526 659 558 me,
694 513 780 551 iam
811 521 1022 565 quantum
1048 513 1208 567 potest,
1249 530 1271 555 a
1303 516 1392 558 vita
1418 521 1690 564 abiudicabo,

194 594 284 632 PH.
311 589 399 629 Cur
432 599 494 635 tu,
528 585 718 633 obsecro,
749 588 955 629 inmerito
980 601 1080 628 meo
1112 581 1183 629 nie
1208 594 1339 633 morti
1363 594 1518 647 dedere
1539 597 1692 653 optas?

188 671 275 710 Aa.
303 666 393 720 Ego
423 663 496 704 te?
538 675 670 716 quam
694 663 722 701 fi
747 655 995 717 intellegam
1024 663 1204 706 deficere
1227 668 1340 715 vita,
1380 669 1465 710 iam
1492 670 1582 727 ipse

122 768 125 770 -
185 743 328 783 Vitam
356 752 498 779 meam
520 738 602 776 tibi
629 738 801 791 largiar,
835 748 877 779 et
902 737 955 777 de
982 752 1078 780 mea
1107 741 1158 780 ad
1183 751 1303 785 tuam
1330 743 1498 789 addam.
1631 762 1694 794 ⁴20
1739 744 1742 750 ’

189 821 280 859 ΡΗ,
312 817 400 858 Cur
429 827 529 869 ergo
560 814 777 853 minitaris
806 813 890 853 tibi
918 819 961 852 t'e
988 815 1124 855 vitam
1155 815 1239 859 effe
1262 819 1542 862 amissurum?

186 896 300 935 Nam
332 890 440 947 quid
458 902 534 950 'me
555 887 763 929 facturam
787 897 938 942 putas,
973 890 1001 928 fi
1025 888 1154 938 istuc,
1183 893 1303 947 quod
1331 894 1462 944 dicis,
1493 897 1635 940 faxis?

186 969 303 1008 Mihi
322 975 488 1006 certum
506 962 573 1008 est,
595 962 761 1006 efficere
778 964 825 1003 in
841 975 910 1003 me
926 965 1073 1003 omnia
1091 965 1241 1007 eadem
1259 982 1369 1024 quae
1386 973 1494 1012 tuin
1511 984 1553 1014 te
1568 974 1688 1016 faxis.

188 1049 272 1087 AR.
293 1044 329 1083 Ο
344 1042 474 1082 melle
488 1040 607 1079 dulci
623 1040 791 1080 dulcior
808 1040 920 1079 mihi
935 1047 984 1079 tu
1003 1053 1060 1080 es.
1093 1042 1323 1090 Paeane
1337 1047 1456 1087 enim
1474 1056 1524 1089 tu
1540 1050 1628 1090 vita
1643 1064 1690 1091 es

185 1121 313 1160 Mihi.
348 1117 645 1172 complectere.
717 1119 801 1156 AB.
832 1116 960 1154 Facio
986 1115 1155 1157 lubens.
1224 1120 1314 1160 PH.
1346 1121 1517 1164 Vtinam
1547 1125 1600 1168 fic
1630 1125 1690 1166 ef-

1059 1185 1271 1228 feramur!
1637 1211 1658 1239 2
1668 1210 1688 1247 5

186 1269 273 1310 LE.
309 1265 346 1307 O
383 1263 570 1308 Libane,
609 1269 658 1302 vt
692 1259 821 1300 miser
863 1260 919 1301 est
953 1262 1085 1303 homo
1125 1265 1200 1318 qui
1238 1262 1376 1305 amat!
1433 1269 1511 1310 L1.
1548 1270 1687 1321 Immo

1062 1332 1206 1374 hercle
1241 1347 1358 1380 vero,

185 1407 275 1463 Qui
293 1403 468 1462 pendet,
491 1402 630 1442 multo
652 1400 710 1442 est
727 1400 934 1443 miserior.
989 1404 1074 1444 LE.
1095 1403 1207 1449 Scio,
1229 1406 1304 1459 qui
1326 1407 1569 1460 periculum
1586 1409 1685 1453 feci.

183 1479 570 1524 Circumfistamus:
602 1478 705 1517 alter
739 1477 866 1524 hinc,
904 1478 1011 1517 hinc
1045 1479 1148 1518 alter
1175 1479 1455 1536 adpellemus.

183 1538 262 1603 [αξ
289 1558 426 1602 Here,
457 1553 583 1594 salue.
620 1551 694 1593 sed
715 1565 823 1592 num
852 1551 999 1592 fumus
1023 1553 1079 1592 est
1107 1554 1212 1594 haec
1237 1557 1414 1603 mulier,
1444 1569 1573 1613 quam
1596 1572 1683 1601 am*

1055 1625 1260 1680 plexare?

180 1705 265 1746 AB.
279 1698 367 1754 Qui
382 1697 486 1737 dum
497 1694 519 1735 5!
532 1695 609 1736 L1.
623 1695 735 1749 Quia
748 1695 863 1735 oculi
875 1693 972 1735 sunt
983 1695 1064 1734 tibi
1079 1695 1376 1744 laeminant'es,
1390 1711 1441 1739 eo
1454 1703 1615 1757 rogaui.
1630 1720 1684 1756 30
1707 1742 1710 1744 ,

181 1782 267 1821 An.
298 1777 509 1817 Patronus
539 1772 614 1825 qui
645 1772 772 1810 vobis
803 1769 888 1810 fuit
915 1770 1110 1815 futurus,
1141 1769 1395 1825 perdidistis.

180 1855 258 1897 121,
290 1848 506 1906 Equidem
536 1845 682 1886 hercle
711 1845 881 1885 nullum
910 1844 1103 1900 perdidi:
1147 1845 1272 1892 ideo,
1313 1848 1414 1901 quia
1439 1863 1679 1908 numquam

1061 1916 1200 1956 vllum
1226 1916 1374 1956 habui.

179 1997 266 2039 LE·
294 1989 572 2034 Philenium‚
601 1984 728 2027 salue.
790 1988 879 2026 PH.
910 1987 1088 2027 Dabunt
1111 1986 1179 2033 di,
1208 1996 1317 2041 quae
1338 1985 1505 2034 velitis,
1536 1990 1675 2033 vobis.

179 2073 257 2115 L1.
292 2068 479 2109 Noctem
510 2071 630 2102 tuam
662 2072 705 2101 et
732 2061 828 2101 vini
857 2061 1013 2101 cadum
1041 2062 1200 2109 velim,
1232 2062 1258 2100 [1
1289 2069 1431 2116 optata
1454 2061 1570 2104 1111111.-

180 2150 266 2190 An.
291 2142 482 2186 Verbum
508 2151 612 2178 caue
643 2135 775 2184 faxis,
817 2138 1009 2177 verbero.
1078 2139 1154 2181 LI·
1186 2136 1290 2176 Tibi
1320 2136 1548 2191 equidem,
1585 2151 1676 2180 non
1735 2159 1737 2179 e

1057 2207 1169 2249 mihi
1202 2216 1320 2261 opto.
1623 2224 1674 2261 35

181 2291 265 2331 An.
294 2285 414 2325 Tum
449 2290 500 2321 tu
535 2279 667 2334 igitur
699 2276 876 2331 loquere
914 2268 1031 2333 quod
1063 2277 1195 2317 lubet.
1265 2277 1341 2316 Lt.
1374 2273 1505 2315 Hunc
1533 2276 1681 2320 hercle
1732 2293 1734 2296 ’

1058 2347 1297 2387 verberare.

177 2429 263 2470 LE.
283 2413 511 2479 'Quisnam
543 2419 649 2459 istuc
673 2414 871 2458 adcredat
900 2417 1003 2462 tibi,
1032 2413 1209 2456 cinaede
1237 2415 1543 2459 calamistrate‘?

166 2491 291 2542 'Tun'
321 2499 517 2539 verberes
534 2524 545 2542 ‚
575 2496 650 2550 qui
673 2507 750 2553 pro
780 2494 878 2534 cibo
906 2493 1060 2532 habeas
1095 2498 1138 2532 t'e
1167 2491 1413 2532 verberari?

177 2583 260 2620 AR.
291 2576 347 2616 Vt
374 2572 531 2614 vestrae
559 2570 759 2612 fortunae
783 2570 892 2608 meis
925 2566 1210 2623 praecedunt,
1242 2567 1428 2614 Libane,
1457 2569 1600 2624 longe,

175 2652 266 2707 Qui
294 2650 428 2694 hodie
458 2660 698 2704 numquam
731 2644 786 2686 acl
815 2642 1042 2699 vesperum
1061 2638 1248 2749 ’1111ιὲιωὶ
1292 2643 1367 2683 Lt.
1399 2643 1671 2700 Quapropter

1038 2723 1146 2767 quae
1167 2708 1223 2752 o?
1367 2743 1369 2745 .
1463 2744 1480 2751 ..
1614 2729 1672 2768 40

1736 1999 1742 2053 Ι

1736 2067 1740 2107 ε

1734 2109 1742 2156 11

1732 2195 1737 2279 ἑ
