<?xml version="1.0" encoding="UTF-8"?>
<!DOCTYPE html PUBLIC "-//W3C//DTD XHTML 1.0 Transitional//EN"
    "http://www.w3.org/TR/xhtml1/DTD/xhtml1-transitional.dtd">
<html xmlns="http://www.w3.org/1999/xhtml" xml:lang="en" lang="en">
 <head>
  <title>
</title>
<meta http-equiv="Content-Type" content="text/html;charset=utf-8" />
  <meta name='ocr-system' content='tesseract 3.04.00' />
  <meta name='ocr-capabilities' content='ocr_page ocr_carea ocr_par ocr_line ocrx_word'/>
</head>
<body>
  <div class='ocr_page' id='page_1' title='image "./commentariusperp02plauuoft_0028.png"; bbox 0 0 1742 2892; ppageno 0'>
   <div class='ocr_carea' id='block_1_1' title="bbox 128 70 1044 132">
    <p class='ocr_par' dir='ltr' id='par_1_1' title="bbox 128 70 1044 132">
     <span class='ocr_line' id='line_1_1' title="bbox 128 70 1044 132; baseline -0.002 -8"><span class='ocrx_word' id='word_1_1' title='bbox 128 90 190 132; x_wconf 73' lang='lat'><strong>24</strong></span> <span class='ocrx_word' id='word_1_2' title='bbox 462 95 463 98; x_wconf 43' lang='lat'>¹</span> <span class='ocrx_word' id='word_1_3' title='bbox 713 70 1044 124; x_wconf 60' lang='lat' dir='ltr'><strong>Puotoevs</strong></span> 
     </span>
    </p>
   </div>
   <div class='ocr_carea' id='block_1_2' title="bbox 117 161 1742 2668">
    <p class='ocr_par' dir='ltr' id='par_1_2' title="bbox 130 161 1742 329">
     <span class='ocr_line' id='line_1_2' title="bbox 1595 161 1742 177; baseline -0.007 0"><span class='ocrx_word' id='word_1_4' title='bbox 1595 172 1597 177; x_wconf 79' lang='grc'>,</span> <span class='ocrx_word' id='word_1_5' title='bbox 1737 161 1742 176; x_wconf 75' lang='grc'><strong>.</strong></span> 
     </span>
     <span class='ocr_line' id='line_1_3' title="bbox 131 177 1742 251; baseline -0.001 -13"><span class='ocrx_word' id='word_1_6' title='bbox 131 199 177 239; x_wconf 90' lang='lat' dir='ltr'><strong>Si</strong></span> <span class='ocrx_word' id='word_1_7' title='bbox 209 199 294 238; x_wconf 89' lang='lat' dir='ltr'><strong>illis</strong></span> <span class='ocrx_word' id='word_1_8' title='bbox 321 196 427 238; x_wconf 79' lang='lat' dir='ltr'><strong>fides</strong></span> <span class='ocrx_word' id='word_1_9' title='bbox 459 196 537 242; x_wconf 85' lang='lat' dir='ltr'><strong>est,</strong></span> <span class='ocrx_word' id='word_1_10' title='bbox 567 195 725 251; x_wconf 87' lang='lat' dir='ltr'><strong>quibus</strong></span> <span class='ocrx_word' id='word_1_11' title='bbox 753 195 809 236; x_wconf 83' lang='lat' dir='ltr'><strong>est</strong></span> <span class='ocrx_word' id='word_1_12' title='bbox 842 209 890 236; x_wconf 85' lang='lat' dir='ltr'><strong>ea</strong></span> <span class='ocrx_word' id='word_1_13' title='bbox 919 208 986 235; x_wconf 77' lang='lat' dir='ltr'><strong>res</strong></span> <span class='ocrx_word' id='word_1_14' title='bbox 1015 196 1062 234; x_wconf 90' lang='lat' dir='ltr'><strong>in</strong></span> <span class='ocrx_word' id='word_1_15' title='bbox 1093 208 1239 237; x_wconf 85' lang='lat' dir='ltr'><strong>manu.</strong></span> <span class='ocrx_word' id='word_1_16' title='bbox 1587 212 1650 250; x_wconf 72' lang='lat'><strong>30</strong></span> <span class='ocrx_word' id='word_1_17' title='bbox 1686 218 1691 222; x_wconf 94' lang='lat'><em>-</em></span> <span class='ocrx_word' id='word_1_18' title='bbox 1734 177 1742 215; x_wconf 53' lang='grc' dir='ltr'>ἐ</span> 
     </span>
     <span class='ocr_line' id='line_1_4' title="bbox 130 270 1213 329; baseline -0.006 -13"><span class='ocrx_word' id='word_1_19' title='bbox 130 276 230 316; x_wconf 88' lang='lat' dir='ltr'><strong>Hoc</strong></span> <span class='ocrx_word' id='word_1_20' title='bbox 262 287 434 329; x_wconf 87' lang='lat' dir='ltr'><strong>quoque</strong></span> <span class='ocrx_word' id='word_1_21' title='bbox 464 275 593 311; x_wconf 83' lang='lat' dir='ltr'><strong>etiam</strong></span> <span class='ocrx_word' id='word_1_22' title='bbox 622 272 735 311; x_wconf 85' lang='lat' dir='ltr'><strong>mihi</strong></span> <span class='ocrx_word' id='word_1_23' title='bbox 766 273 810 310; x_wconf 89' lang='lat' dir='ltr'><strong>in</strong></span> <span class='ocrx_word' id='word_1_24' title='bbox 838 270 1053 312; x_wconf 82' lang='lat' dir='ltr'><strong>mandatis</strong></span> <span class='ocrx_word' id='word_1_25' title='bbox 1080 271 1213 318; x_wconf 83' lang='lat' dir='ltr'><strong>dedit,</strong></span> 
     </span>
    </p>

    <p class='ocr_par' dir='ltr' id='par_1_3' title="bbox 131 333 1040 404">
     <span class='ocr_line' id='line_1_5' title="bbox 131 333 1040 404; baseline -0.004 -14"><span class='ocrx_word' id='word_1_26' title='bbox 131 351 186 390; x_wconf 90' lang='lat' dir='ltr'><strong>Vt</strong></span> <span class='ocrx_word' id='word_1_27' title='bbox 222 349 527 404; x_wconf 80' lang='lat' dir='ltr'><strong>conquifitores</strong></span> <span class='ocrx_word' id='word_1_28' title='bbox 558 333 709 388; x_wconf 69' lang='lat' dir='ltr'><strong>fierent</strong></span> <span class='ocrx_word' id='word_1_29' title='bbox 740 347 1040 394; x_wconf 83' lang='lat' dir='ltr'>histrionibus,</span> 
     </span>
    </p>

    <p class='ocr_par' dir='ltr' id='par_1_4' title="bbox 135 422 1238 481">
     <span class='ocr_line' id='line_1_6' title="bbox 135 422 1238 481; baseline -0.002 -16"><span class='ocrx_word' id='word_1_30' title='bbox 135 427 226 481; x_wconf 82' lang='lat' dir='ltr'><strong>Qui</strong></span> <span class='ocrx_word' id='word_1_31' title='bbox 255 426 331 464; x_wconf 84' lang='lat' dir='ltr'><strong>fibi</strong></span> <span class='ocrx_word' id='word_1_32' title='bbox 360 422 644 470; x_wconf 79' lang='lat' dir='ltr'><strong>mandaffent‚</strong></span> <span class='ocrx_word' id='word_1_33' title='bbox 678 423 861 478; x_wconf 83' lang='lat' dir='ltr'><strong>delegati</strong></span> <span class='ocrx_word' id='word_1_34' title='bbox 886 433 934 463; x_wconf 85' lang='lat' dir='ltr'><strong>vt</strong></span> <span class='ocrx_word' id='word_1_35' title='bbox 964 422 1238 477; x_wconf 84' lang='lat' dir='ltr'><strong>plauderent;</strong></span> 
     </span>
    </p>

    <p class='ocr_par' dir='ltr' id='par_1_5' title="bbox 139 497 1260 557">
     <span class='ocr_line' id='line_1_7' title="bbox 139 497 1260 557; baseline -0.004 -15"><span class='ocrx_word' id='word_1_36' title='bbox 139 503 311 557; x_wconf 83' lang='lat' dir='ltr'><strong>Quinc,</strong></span> <span class='ocrx_word' id='word_1_37' title='bbox 350 513 437 557; x_wconf 88' lang='lat' dir='ltr'><strong>quo</strong></span> <span class='ocrx_word' id='word_1_38' title='bbox 468 500 652 553; x_wconf 83' lang='lat' dir='ltr'><strong>placeret</strong></span> <span class='ocrx_word' id='word_1_39' title='bbox 684 499 811 544; x_wconf 86' lang='lat' dir='ltr'><strong>alter,</strong></span> <span class='ocrx_word' id='word_1_40' title='bbox 855 497 1070 544; x_wconf 85' lang='lat' dir='ltr'><strong>feciffent‚</strong></span> <span class='ocrx_word' id='word_1_41' title='bbox 1100 500 1260 545; x_wconf 73' lang='lat' dir='ltr'><strong>minuo,</strong></span> 
     </span>
    </p>

    <p class='ocr_par' dir='ltr' id='par_1_6' title="bbox 138 574 1647 705">
     <span class='ocr_line' id='line_1_8' title="bbox 138 574 1647 628; baseline -0.004 -10"><span class='ocrx_word' id='word_1_42' title='bbox 138 579 215 618; x_wconf 85' lang='lat' dir='ltr'><strong>Eis</strong></span> <span class='ocrx_word' id='word_1_43' title='bbox 248 583 497 618; x_wconf 81' lang='lat' dir='ltr'><strong>ornamenta</strong></span> <span class='ocrx_word' id='word_1_44' title='bbox 533 584 575 614; x_wconf 91' lang='lat' dir='ltr'><strong>et</strong></span> <span class='ocrx_word' id='word_1_45' title='bbox 607 576 776 615; x_wconf 86' lang='lat' dir='ltr'><strong>corium</strong></span> <span class='ocrx_word' id='word_1_46' title='bbox 804 577 869 614; x_wconf 88' lang='lat' dir='ltr'><strong>vti</strong></span> <span class='ocrx_word' id='word_1_47' title='bbox 901 574 1193 616; x_wconf 85' lang='lat' dir='ltr'><strong>conciderent.</strong></span> <span class='ocrx_word' id='word_1_48' title='bbox 1595 587 1647 628; x_wconf 65' lang='lat'><strong>35</strong></span> 
     </span>
     <span class='ocr_line' id='line_1_9' title="bbox 138 651 1076 705; baseline -0.005 -11"><span class='ocrx_word' id='word_1_49' title='bbox 138 654 293 694; x_wconf 84' lang='lat' dir='ltr'><strong>Mirari</strong></span> <span class='ocrx_word' id='word_1_50' title='bbox 325 652 461 692; x_wconf 88' lang='lat' dir='ltr'><strong>nolim</strong></span> <span class='ocrx_word' id='word_1_51' title='bbox 492 663 594 697; x_wconf 85' lang='lat' dir='ltr'><strong>VOS,</strong></span> <span class='ocrx_word' id='word_1_52' title='bbox 628 659 886 705; x_wconf 87' lang='lat' dir='ltr'><strong>quapropter</strong></span> <span class='ocrx_word' id='word_1_53' title='bbox 913 651 1076 704; x_wconf 84' lang='lat' dir='ltr'>Iupiter</span> 
     </span>
    </p>

    <p class='ocr_par' dir='ltr' id='par_1_7' title="bbox 139 727 1046 785">
     <span class='ocr_line' id='line_1_10' title="bbox 139 727 1046 785; baseline -0.004 -15"><span class='ocrx_word' id='word_1_54' title='bbox 139 730 272 785; x_wconf 80' lang='lat' dir='ltr'><strong>Nunc</strong></span> <span class='ocrx_word' id='word_1_55' title='bbox 304 727 529 767; x_wconf 83' lang='lat' dir='ltr'>histriones</span> <span class='ocrx_word' id='word_1_56' title='bbox 561 735 693 766; x_wconf 87' lang='lat' dir='ltr'><strong>curet.</strong></span> <span class='ocrx_word' id='word_1_57' title='bbox 726 740 782 765; x_wconf 91' lang='lat' dir='ltr'><strong>ne</strong></span> <span class='ocrx_word' id='word_1_58' title='bbox 811 728 1046 767; x_wconf 80' lang='lat' dir='ltr'><strong>miremini.</strong></span> 
     </span>
    </p>

    <p class='ocr_par' dir='ltr' id='par_1_8' title="bbox 140 801 1155 861">
     <span class='ocr_line' id='line_1_11' title="bbox 140 801 1155 861; baseline -0.001 -16"><span class='ocrx_word' id='word_1_59' title='bbox 140 804 235 861; x_wconf 85' lang='lat' dir='ltr'><strong>Ipse</strong></span> <span class='ocrx_word' id='word_1_60' title='bbox 264 807 379 845; x_wconf 89' lang='lat' dir='ltr'><strong>hanc</strong></span> <span class='ocrx_word' id='word_1_61' title='bbox 408 812 559 844; x_wconf 86' lang='lat' dir='ltr'><strong>acturu</strong></span> <span class='ocrx_word' id='word_1_62' title='bbox 587 801 632 841; x_wconf 88' lang='lat' dir='ltr'><strong>’st</strong></span> <span class='ocrx_word' id='word_1_63' title='bbox 660 802 826 857; x_wconf 85' lang='lat' dir='ltr'><strong>Iupiter</strong></span> <span class='ocrx_word' id='word_1_64' title='bbox 857 802 1155 845; x_wconf 86' lang='lat' dir='ltr'><strong>Comoediam.</strong></span> 
     </span>
    </p>

    <p class='ocr_par' dir='ltr' id='par_1_9' title="bbox 145 865 1145 935">
     <span class='ocr_line' id='line_1_12' title="bbox 145 865 1145 935; baseline -0.002 -15"><span class='ocrx_word' id='word_1_65' title='bbox 145 881 269 935; x_wconf 85' lang='lat' dir='ltr'><strong>Quid</strong></span> <span class='ocrx_word' id='word_1_66' title='bbox 299 865 499 921; x_wconf 81' lang='lat' dir='ltr'><strong>admirati</strong></span> <span class='ocrx_word' id='word_1_67' title='bbox 526 877 653 918; x_wconf 67' lang='lat' dir='ltr'><strong>estis?</strong></span> <span class='ocrx_word' id='word_1_68' title='bbox 691 878 805 934; x_wconf 72' lang='lat' dir='ltr'><strong>quasi</strong></span> <span class='ocrx_word' id='word_1_69' title='bbox 837 891 942 918; x_wconf 86' lang='lat' dir='ltr'><strong>vero</strong></span> <span class='ocrx_word' id='word_1_70' title='bbox 976 892 1145 918; x_wconf 89' lang='lat' dir='ltr'><strong>nouum</strong></span> 
     </span>
    </p>

    <p class='ocr_par' dir='ltr' id='par_1_10' title="bbox 143 943 1657 1085">
     <span class='ocr_line' id='line_1_13' title="bbox 144 953 1657 1013; baseline -0.003 -16"><span class='ocrx_word' id='word_1_71' title='bbox 144 956 280 997; x_wconf 89' lang='lat' dir='ltr'><strong>Nunc</strong></span> <span class='ocrx_word' id='word_1_72' title='bbox 306 954 567 1011; x_wconf 78' lang='lat' dir='ltr'><strong>proferatur,</strong></span> <span class='ocrx_word' id='word_1_73' title='bbox 606 955 758 1000; x_wconf 84' lang='lat' dir='ltr'><strong>Iovem</strong></span> <span class='ocrx_word' id='word_1_74' title='bbox 792 953 931 994; x_wconf 81' lang='lat' dir='ltr'><strong>faeere</strong></span> <span class='ocrx_word' id='word_1_75' title='bbox 959 954 1241 996; x_wconf 84' lang='lat' dir='ltr'><strong>histrioniam.</strong></span> <span class='ocrx_word' id='word_1_76' title='bbox 1540 976 1542 979; x_wconf 40' lang='lat' dir='ltr'>v</span> <span class='ocrx_word' id='word_1_77' title='bbox 1566 987 1567 990; x_wconf 65' lang='grc'>,</span> <span class='ocrx_word' id='word_1_78' title='bbox 1602 972 1657 1013; x_wconf 79' lang='lat'><strong>90</strong></span> 
     </span>
     <span class='ocr_line' id='line_1_14' title="bbox 143 1029 1288 1085; baseline -0.003 -14"><span class='ocrx_word' id='word_1_79' title='bbox 143 1031 289 1071; x_wconf 85' lang='lat' dir='ltr'><strong>Etiam</strong></span> <span class='ocrx_word' id='word_1_80' title='bbox 319 1030 543 1071; x_wconf 84' lang='lat' dir='ltr'><strong>histriones</strong></span> <span class='ocrx_word' id='word_1_81' title='bbox 571 1041 685 1068; x_wconf 86' lang='lat' dir='ltr'><strong>anno</strong></span> <span class='ocrx_word' id='word_1_82' title='bbox 716 1043 854 1083; x_wconf 87' lang='lat' dir='ltr'><strong>quum</strong></span> <span class='ocrx_word' id='word_1_83' title='bbox 883 1031 929 1069; x_wconf 90' lang='lat' dir='ltr'><strong>in</strong></span> <span class='ocrx_word' id='word_1_84' title='bbox 958 1029 1183 1085; x_wconf 77' lang='lat' dir='ltr'><strong>proscenio</strong></span> <span class='ocrx_word' id='word_1_85' title='bbox 1213 1029 1288 1070; x_wconf 89' lang='lat' dir='ltr'><strong>hic</strong></span> 
     </span>
    </p>

    <p class='ocr_par' dir='ltr' id='par_1_11' title="bbox 148 1103 1208 1152">
     <span class='ocr_line' id='line_1_15' title="bbox 148 1103 1208 1152; baseline -0.004 -4"><span class='ocrx_word' id='word_1_86' title='bbox 148 1108 301 1148; x_wconf 88' lang='lat' dir='ltr'><strong>Iovem</strong></span> <span class='ocrx_word' id='word_1_87' title='bbox 331 1107 605 1151; x_wconf 83' lang='lat' dir='ltr'><strong>inuocarunt,</strong></span> <span class='ocrx_word' id='word_1_88' title='bbox 638 1106 783 1152; x_wconf 88' lang='lat' dir='ltr'><strong>venit,</strong></span> <span class='ocrx_word' id='word_1_89' title='bbox 818 1105 980 1145; x_wconf 86' lang='lat' dir='ltr'><strong>auxilio</strong></span> <span class='ocrx_word' id='word_1_90' title='bbox 1008 1105 1069 1144; x_wconf 90' lang='lat' dir='ltr'><strong>eis</strong></span> <span class='ocrx_word' id='word_1_91' title='bbox 1099 1103 1208 1144; x_wconf 86' lang='lat' dir='ltr'><strong>fuit:</strong></span> 
     </span>
    </p>

    <p class='ocr_par' dir='ltr' id='par_1_12' title="bbox 148 1180 1056 1236">
     <span class='ocr_line' id='line_1_16' title="bbox 148 1180 1056 1236; baseline -0.001 -16"><span class='ocrx_word' id='word_1_92' title='bbox 148 1183 370 1225; x_wconf 85' lang='lat' dir='ltr'><strong>Praeterea</strong></span> <span class='ocrx_word' id='word_1_93' title='bbox 398 1191 516 1221; x_wconf 86' lang='lat' dir='ltr'><strong>certo</strong></span> <span class='ocrx_word' id='word_1_94' title='bbox 548 1180 694 1236; x_wconf 85' lang='lat' dir='ltr'><strong>prodit</strong></span> <span class='ocrx_word' id='word_1_95' title='bbox 722 1182 768 1220; x_wconf 89' lang='lat' dir='ltr'><strong>iu</strong></span> <span class='ocrx_word' id='word_1_96' title='bbox 799 1180 1056 1236; x_wconf 87' lang='lat' dir='ltr'><strong>Tragoedia.</strong></span> 
     </span>
    </p>

    <p class='ocr_par' dir='ltr' id='par_1_13' title="bbox 151 1254 1513 1314">
     <span class='ocr_line' id='line_1_17' title="bbox 151 1254 1513 1314; baseline -0.001 -18"><span class='ocrx_word' id='word_1_97' title='bbox 151 1257 279 1297; x_wconf 86' lang='lat' dir='ltr'><strong>Hanc</strong></span> <span class='ocrx_word' id='word_1_98' title='bbox 312 1257 541 1302; x_wconf 84' lang='lat' dir='ltr'>Fabulam,</span> <span class='ocrx_word' id='word_1_99' title='bbox 582 1257 784 1311; x_wconf 86' lang='lat' dir='ltr'><strong>inquam,</strong></span> <span class='ocrx_word' id='word_1_100' title='bbox 821 1257 894 1297; x_wconf 79' lang='lat' dir='ltr'><strong>hic</strong></span> <span class='ocrx_word' id='word_1_101' title='bbox 926 1257 1090 1311; x_wconf 79' lang='lat' dir='ltr'><strong>Iupiter</strong></span> <span class='ocrx_word' id='word_1_102' title='bbox 1120 1255 1254 1294; x_wconf 86' lang='lat' dir='ltr'><strong>hodie</strong></span> <span class='ocrx_word' id='word_1_103' title='bbox 1284 1254 1374 1310; x_wconf 79' lang='lat' dir='ltr'><strong>ipse</strong></span> <span class='ocrx_word' id='word_1_104' title='bbox 1400 1269 1513 1314; x_wconf 80' lang='lat' dir='ltr'><strong>aget,</strong></span> 
     </span>
    </p>

    <p class='ocr_par' dir='ltr' id='par_1_14' title="bbox 152 1331 1741 1463">
     <span class='ocr_line' id='line_1_18' title="bbox 152 1331 1741 1392; baseline 0.001 -20"><span class='ocrx_word' id='word_1_105' title='bbox 152 1332 211 1372; x_wconf 80' lang='lat' dir='ltr'><strong>Et</strong></span> <span class='ocrx_word' id='word_1_106' title='bbox 237 1345 317 1386; x_wconf 85' lang='lat' dir='ltr'><strong>ego</strong></span> <span class='ocrx_word' id='word_1_107' title='bbox 352 1344 438 1370; x_wconf 91' lang='lat' dir='ltr'><strong>vna</strong></span> <span class='ocrx_word' id='word_1_108' title='bbox 466 1344 565 1371; x_wconf 90' lang='lat' dir='ltr'><strong>cum</strong></span> <span class='ocrx_word' id='word_1_109' title='bbox 595 1332 683 1372; x_wconf 91' lang='lat' dir='ltr'><strong>illo.</strong></span> <span class='ocrx_word' id='word_1_110' title='bbox 744 1331 875 1371; x_wconf 87' lang='lat' dir='ltr'><strong>Nunc</strong></span> <span class='ocrx_word' id='word_1_111' title='bbox 903 1334 1101 1372; x_wconf 83' lang='lat' dir='ltr'><strong>animum</strong></span> <span class='ocrx_word' id='word_1_112' title='bbox 1135 1331 1365 1378; x_wconf 86' lang='lat' dir='ltr'><strong>aduortite‚</strong></span> <span class='ocrx_word' id='word_1_113' title='bbox 1610 1351 1680 1392; x_wconf 26' lang='lat'><strong>95-</strong></span> <span class='ocrx_word' id='word_1_114' title='bbox 1727 1357 1741 1364; x_wconf 90' lang='lat'><em>-</em></span> 
     </span>
     <span class='ocr_line' id='line_1_19' title="bbox 152 1405 1294 1463; baseline -0.001 -16"><span class='ocrx_word' id='word_1_115' title='bbox 152 1407 274 1447; x_wconf 86' lang='lat' dir='ltr'><strong>Dum</strong></span> <span class='ocrx_word' id='word_1_116' title='bbox 310 1407 441 1447; x_wconf 87' lang='lat' dir='ltr'><strong>huius</strong></span> <span class='ocrx_word' id='word_1_117' title='bbox 472 1417 776 1462; x_wconf 80' lang='lat' dir='ltr'><strong>argumentum</strong></span> <span class='ocrx_word' id='word_1_118' title='bbox 807 1408 985 1463; x_wconf 87' lang='lat' dir='ltr'><strong>eloquar</strong></span> <span class='ocrx_word' id='word_1_119' title='bbox 1014 1405 1294 1447; x_wconf 81' lang='lat' dir='ltr'><strong>comoediae.</strong></span> 
     </span>
    </p>

    <p class='ocr_par' dir='ltr' id='par_1_15' title="bbox 215 1481 1418 1524">
     <span class='ocr_line' id='line_1_20' title="bbox 215 1481 1418 1524; baseline 0 -2"><span class='ocrx_word' id='word_1_120' title='bbox 215 1483 334 1522; x_wconf 86' lang='lat' dir='ltr'><strong>Haec</strong></span> <span class='ocrx_word' id='word_1_121' title='bbox 362 1483 464 1522; x_wconf 86' lang='lat' dir='ltr'><strong>vrbs</strong></span> <span class='ocrx_word' id='word_1_122' title='bbox 494 1481 549 1521; x_wconf 88' lang='lat' dir='ltr'><strong>est</strong></span> <span class='ocrx_word' id='word_1_123' title='bbox 569 1482 766 1522; x_wconf 84' lang='lat' dir='ltr'><strong>Thebae:</strong></span> <span class='ocrx_word' id='word_1_124' title='bbox 799 1483 847 1521; x_wconf 87' lang='lat' dir='ltr'><strong>in</strong></span> <span class='ocrx_word' id='word_1_125' title='bbox 876 1483 1014 1523; x_wconf 88' lang='lat' dir='ltr'><strong>illisce</strong></span> <span class='ocrx_word' id='word_1_126' title='bbox 1040 1483 1207 1523; x_wconf 85' lang='lat' dir='ltr'><strong>habitat</strong></span> <span class='ocrx_word' id='word_1_127' title='bbox 1240 1481 1418 1524; x_wconf 71' lang='lat' dir='ltr'><strong>aedibus</strong></span> 
     </span>
    </p>

    <p class='ocr_par' dir='ltr' id='par_1_16' title="bbox 156 1558 1134 1614">
     <span class='ocr_line' id='line_1_21' title="bbox 156 1558 1134 1614; baseline -0.003 -13"><span class='ocrx_word' id='word_1_128' title='bbox 156 1560 443 1614; x_wconf 76' lang='lat' dir='ltr'><strong>Amphitruo,</strong></span> <span class='ocrx_word' id='word_1_129' title='bbox 474 1569 599 1597; x_wconf 79' lang='lat' dir='ltr'><strong>uatus</strong></span> <span class='ocrx_word' id='word_1_130' title='bbox 631 1558 750 1612; x_wconf 80' lang='lat' dir='ltr'><strong>Argis</strong></span> <span class='ocrx_word' id='word_1_131' title='bbox 781 1571 832 1597; x_wconf 87' lang='lat' dir='ltr'><strong>ex</strong></span> <span class='ocrx_word' id='word_1_132' title='bbox 858 1559 970 1613; x_wconf 83' lang='lat' dir='ltr'><strong>Argo</strong></span> <span class='ocrx_word' id='word_1_133' title='bbox 999 1567 1134 1612; x_wconf 80' lang='lat' dir='ltr'><strong>patre,</strong></span> 
     </span>
    </p>

    <p class='ocr_par' dir='ltr' id='par_1_17' title="bbox 124 1631 1673 1840">
     <span class='ocr_line' id='line_1_22' title="bbox 159 1631 1226 1690; baseline -0.001 -17"><span class='ocrx_word' id='word_1_134' title='bbox 159 1635 355 1690; x_wconf 83' lang='lat' dir='ltr'><strong>Quicum</strong></span> <span class='ocrx_word' id='word_1_135' title='bbox 387 1635 623 1674; x_wconf 87' lang='lat' dir='ltr'><strong>Alcumena</strong></span> <span class='ocrx_word' id='word_1_136' title='bbox 655 1631 710 1672; x_wconf 86' lang='lat' dir='ltr'><strong>est</strong></span> <span class='ocrx_word' id='word_1_137' title='bbox 740 1644 900 1687; x_wconf 88' lang='lat' dir='ltr'><strong>nupta,</strong></span> <span class='ocrx_word' id='word_1_138' title='bbox 938 1634 1100 1673; x_wconf 85' lang='lat' dir='ltr'><strong>Electri</strong></span> <span class='ocrx_word' id='word_1_139' title='bbox 1126 1632 1226 1672; x_wconf 84' lang='lat' dir='ltr'><strong>filia.</strong></span> 
     </span>
     <span class='ocr_line' id='line_1_23' title="bbox 124 1707 1673 1764; baseline -0.001 -14"><span class='ocrx_word' id='word_1_140' title='bbox 124 1727 126 1729; x_wconf 95' lang='lat'>·</span> <span class='ocrx_word' id='word_1_141' title='bbox 161 1710 201 1750; x_wconf 86' lang='lat' dir='ltr'><strong>Is</strong></span> <span class='ocrx_word' id='word_1_142' title='bbox 231 1721 350 1749; x_wconf 85' lang='lat' dir='ltr'><strong>nunc</strong></span> <span class='ocrx_word' id='word_1_143' title='bbox 383 1709 641 1760; x_wconf 86' lang='lat' dir='ltr'><strong>Amphitruo</strong></span> <span class='ocrx_word' id='word_1_144' title='bbox 672 1707 891 1763; x_wconf 74' lang='lat' dir='ltr'><strong>praefecta</strong></span> <span class='ocrx_word' id='word_1_145' title='bbox 916 1707 959 1746; x_wconf 82' lang='lat' dir='ltr'><strong>&#39;st</strong></span> <span class='ocrx_word' id='word_1_146' title='bbox 989 1709 1262 1764; x_wconf 79' lang='lat' dir='ltr'><strong>legionibus:</strong></span> <span class='ocrx_word' id='word_1_147' title='bbox 1591 1727 1673 1757; x_wconf 68' lang='grc' dir='ltr'><strong>χορ</strong></span> 
     </span>
     <span class='ocr_line' id='line_1_24' title="bbox 162 1783 1342 1840; baseline 0.001 -15"><span class='ocrx_word' id='word_1_148' title='bbox 162 1785 277 1825; x_wconf 89' lang='lat' dir='ltr'><strong>Nam</strong></span> <span class='ocrx_word' id='word_1_149' title='bbox 307 1796 406 1823; x_wconf 88' lang='lat' dir='ltr'><strong>cum</strong></span> <span class='ocrx_word' id='word_1_150' title='bbox 438 1784 641 1823; x_wconf 82' lang='lat' dir='ltr'><strong>Telebois</strong></span> <span class='ocrx_word' id='word_1_151' title='bbox 670 1785 833 1824; x_wconf 88' lang='lat' dir='ltr'><strong>bellum</strong></span> <span class='ocrx_word' id='word_1_152' title='bbox 864 1783 921 1823; x_wconf 81' lang='lat' dir='ltr'><strong>est</strong></span> <span class='ocrx_word' id='word_1_153' title='bbox 950 1784 1162 1824; x_wconf 87' lang='lat' dir='ltr'><strong>Thebano</strong></span> <span class='ocrx_word' id='word_1_154' title='bbox 1194 1786 1342 1840; x_wconf 86' lang='lat' dir='ltr'><strong>poplo.</strong></span> 
     </span>
    </p>

    <p class='ocr_par' dir='ltr' id='par_1_18' title="bbox 163 1858 1329 1915">
     <span class='ocr_line' id='line_1_25' title="bbox 163 1858 1329 1915; baseline 0.002 -17"><span class='ocrx_word' id='word_1_155' title='bbox 163 1860 205 1900; x_wconf 89' lang='lat' dir='ltr'><strong>Is</strong></span> <span class='ocrx_word' id='word_1_156' title='bbox 234 1861 485 1915; x_wconf 81' lang='lat' dir='ltr'><strong>priusquam</strong></span> <span class='ocrx_word' id='word_1_157' title='bbox 519 1859 624 1897; x_wconf 87' lang='lat' dir='ltr'><strong>hinc</strong></span> <span class='ocrx_word' id='word_1_158' title='bbox 653 1859 761 1897; x_wconf 83' lang='lat' dir='ltr'><strong>abiit</strong></span> <span class='ocrx_word' id='word_1_159' title='bbox 788 1858 968 1913; x_wconf 76' lang='lat' dir='ltr'><strong>ipsemet</strong></span> <span class='ocrx_word' id='word_1_160' title='bbox 997 1860 1043 1898; x_wconf 89' lang='lat' dir='ltr'><strong>in</strong></span> <span class='ocrx_word' id='word_1_161' title='bbox 1076 1861 1329 1904; x_wconf 84' lang='lat' dir='ltr'><strong>exercitum.</strong></span> 
     </span>
    </p>

    <p class='ocr_par' dir='ltr' id='par_1_19' title="bbox 166 1933 1269 1975">
     <span class='ocr_line' id='line_1_26' title="bbox 166 1933 1269 1975; baseline 0 0"><span class='ocrx_word' id='word_1_162' title='bbox 166 1934 401 1975; x_wconf 80' lang='lat' dir='ltr'><strong>Grauidam</strong></span> <span class='ocrx_word' id='word_1_163' title='bbox 431 1935 714 1975; x_wconf 87' lang='lat' dir='ltr'><strong>Alcumenam</strong></span> <span class='ocrx_word' id='word_1_164' title='bbox 746 1949 922 1975; x_wconf 80' lang='lat' dir='ltr'><strong>onrem</strong></span> <span class='ocrx_word' id='word_1_165' title='bbox 958 1933 1060 1975; x_wconf 80' lang='lat' dir='ltr'><strong>fecit</strong></span> <span class='ocrx_word' id='word_1_166' title='bbox 1090 1937 1222 1975; x_wconf 82' lang='lat' dir='ltr'><strong>suam.</strong></span> <span class='ocrx_word' id='word_1_167' title='bbox 1268 1956 1269 1960; x_wconf 61' lang='lat'><em>=</em></span> 
     </span>
    </p>

    <p class='ocr_par' dir='ltr' id='par_1_20' title="bbox 166 2009 1341 2066">
     <span class='ocr_line' id='line_1_27' title="bbox 166 2009 1341 2066; baseline 0.001 -16"><span class='ocrx_word' id='word_1_168' title='bbox 166 2010 259 2052; x_wconf 84' lang='lat' dir='ltr'><strong>lam</strong></span> <span class='ocrx_word' id='word_1_169' title='bbox 291 2023 371 2064; x_wconf 87' lang='lat' dir='ltr'><strong>ego</strong></span> <span class='ocrx_word' id='word_1_170' title='bbox 405 2023 481 2050; x_wconf 87' lang='lat' dir='ltr'><strong>vos</strong></span> <span class='ocrx_word' id='word_1_171' title='bbox 514 2009 678 2050; x_wconf 77' lang='lat' dir='ltr'><strong>nouilse</strong></span> <span class='ocrx_word' id='word_1_172' title='bbox 709 2009 861 2056; x_wconf 84' lang='lat' dir='ltr'><strong>credo,</strong></span> <span class='ocrx_word' id='word_1_173' title='bbox 893 2021 940 2050; x_wconf 88' lang='lat' dir='ltr'><strong>vt</strong></span> <span class='ocrx_word' id='word_1_174' title='bbox 969 2012 1017 2050; x_wconf 83' lang='lat' dir='ltr'><strong>fit</strong></span> <span class='ocrx_word' id='word_1_175' title='bbox 1046 2022 1166 2066; x_wconf 88' lang='lat' dir='ltr'><strong>pater</strong></span> <span class='ocrx_word' id='word_1_176' title='bbox 1197 2023 1341 2058; x_wconf 53' lang='lat' dir='ltr'><strong>meua</strong></span> 
     </span>
    </p>

    <p class='ocr_par' dir='ltr' id='par_1_21' title="bbox 168 2085 1679 2217">
     <span class='ocr_line' id='line_1_28' title="bbox 170 2085 1679 2140; baseline -0.002 -14"><span class='ocrx_word' id='word_1_177' title='bbox 170 2086 315 2140; x_wconf 86' lang='lat' dir='ltr'><strong>Quam</strong></span> <span class='ocrx_word' id='word_1_178' title='bbox 346 2085 455 2124; x_wconf 91' lang='lat' dir='ltr'><strong>liber</strong></span> <span class='ocrx_word' id='word_1_179' title='bbox 487 2086 640 2124; x_wconf 84' lang='lat' dir='ltr'><strong>harum</strong></span> <span class='ocrx_word' id='word_1_180' title='bbox 669 2097 815 2124; x_wconf 88' lang='lat' dir='ltr'><strong>rerum</strong></span> <span class='ocrx_word' id='word_1_181' title='bbox 843 2086 1078 2126; x_wconf 85' lang='lat' dir='ltr'><strong>multarum</strong></span> <span class='ocrx_word' id='word_1_182' title='bbox 1108 2087 1203 2133; x_wconf 59' lang='lat' dir='ltr'><strong>lieu</strong></span> <span class='ocrx_word' id='word_1_183' title='bbox 1600 2101 1679 2137; x_wconf 81' lang='lat'><strong>105</strong></span> 
     </span>
     <span class='ocr_line' id='line_1_29' title="bbox 168 2157 1521 2217; baseline -0.002 -16"><span class='ocrx_word' id='word_1_184' title='bbox 168 2162 458 2217; x_wconf 83' lang='lat' dir='ltr'><strong>Quantusque</strong></span> <span class='ocrx_word' id='word_1_185' title='bbox 491 2169 655 2200; x_wconf 84' lang='lat' dir='ltr'><strong>amator</strong></span> <span class='ocrx_word' id='word_1_186' title='bbox 683 2161 775 2205; x_wconf 83' lang='lat' dir='ltr'><strong>fiet,</strong></span> <span class='ocrx_word' id='word_1_187' title='bbox 805 2160 926 2215; x_wconf 87' lang='lat' dir='ltr'><strong>quod</strong></span> <span class='ocrx_word' id='word_1_188' title='bbox 955 2160 1263 2215; x_wconf 85' lang='lat' dir='ltr'><strong>complacitum</strong></span> <span class='ocrx_word' id='word_1_189' title='bbox 1292 2158 1349 2200; x_wconf 87' lang='lat' dir='ltr'><strong>est</strong></span> <span class='ocrx_word' id='word_1_190' title='bbox 1379 2157 1521 2199; x_wconf 82' lang='lat' dir='ltr'><strong>semel.</strong></span> 
     </span>
    </p>

    <p class='ocr_par' dir='ltr' id='par_1_22' title="bbox 117 2237 1686 2668">
     <span class='ocr_line' id='line_1_30' title="bbox 142 2237 1231 2291; baseline -0.006 -13"><span class='ocrx_word' id='word_1_191' title='bbox 142 2283 145 2286; x_wconf 56' lang='grc'><em>,</em></span> <span class='ocrx_word' id='word_1_192' title='bbox 171 2238 212 2278; x_wconf 79' lang='lat' dir='ltr'><strong>Is</strong></span> <span class='ocrx_word' id='word_1_193' title='bbox 244 2249 385 2278; x_wconf 85' lang='lat' dir='ltr'><strong>amare</strong></span> <span class='ocrx_word' id='word_1_194' title='bbox 415 2237 589 2291; x_wconf 80' lang='lat' dir='ltr'><strong>obcepit</strong></span> <span class='ocrx_word' id='word_1_195' title='bbox 616 2237 901 2276; x_wconf 84' lang='lat' dir='ltr'><strong>Alcumenam</strong></span> <span class='ocrx_word' id='word_1_196' title='bbox 930 2237 1043 2275; x_wconf 84' lang='lat' dir='ltr'><strong>clam</strong></span> <span class='ocrx_word' id='word_1_197' title='bbox 1074 2237 1231 2280; x_wconf 81' lang='lat' dir='ltr'><strong>virum,</strong></span> 
     </span>
     <span class='ocr_line' id='line_1_31' title="bbox 117 2310 1051 2365; baseline 0 -16"><span class='ocrx_word' id='word_1_198' title='bbox 117 2332 124 2336; x_wconf 97' lang='lat'>-</span> <span class='ocrx_word' id='word_1_199' title='bbox 170 2311 437 2364; x_wconf 85' lang='lat' dir='ltr'><strong>Vsura&#39;mque</strong></span> <span class='ocrx_word' id='word_1_200' title='bbox 467 2311 559 2349; x_wconf 84' lang='lat' dir='ltr'><strong>eius</strong></span> <span class='ocrx_word' id='word_1_201' title='bbox 590 2311 783 2364; x_wconf 86' lang='lat' dir='ltr'><strong>corporis</strong></span> <span class='ocrx_word' id='word_1_202' title='bbox 815 2310 930 2365; x_wconf 85' lang='lat' dir='ltr'><strong>cepit</strong></span> <span class='ocrx_word' id='word_1_203' title='bbox 962 2311 1051 2356; x_wconf 83' lang='lat' dir='ltr'><strong>fibi,</strong></span> 
     </span>
     <span class='ocr_line' id='line_1_32' title="bbox 171 2382 1188 2442; baseline -0.004 -15"><span class='ocrx_word' id='word_1_204' title='bbox 171 2386 478 2442; x_wconf 67' lang='lat' dir='ltr'><strong>Et.gr‘auidam</strong></span> <span class='ocrx_word' id='word_1_205' title='bbox 509 2385 614 2426; x_wconf 87' lang='lat' dir='ltr'><strong>fecit</strong></span> <span class='ocrx_word' id='word_1_206' title='bbox 641 2387 678 2425; x_wconf 89' lang='lat' dir='ltr'><strong>is</strong></span> <span class='ocrx_word' id='word_1_207' title='bbox 708 2398 803 2425; x_wconf 88' lang='lat' dir='ltr'><strong>eam</strong></span> <span class='ocrx_word' id='word_1_208' title='bbox 833 2384 1072 2438; x_wconf 75' lang='lat' dir='ltr'><strong>compi-effu</strong></span> <span class='ocrx_word' id='word_1_209' title='bbox 1096 2382 1188 2424; x_wconf 86' lang='lat' dir='ltr'><strong>suo.</strong></span> 
     </span>
     <span class='ocr_line' id='line_1_33' title="bbox 175 2458 1686 2509; baseline -0.006 -6"><span class='ocrx_word' id='word_1_210' title='bbox 175 2462 333 2506; x_wconf 87' lang='lat' dir='ltr'><strong>Nunc,</strong></span> <span class='ocrx_word' id='word_1_211' title='bbox 369 2460 422 2500; x_wconf 90' lang='lat' dir='ltr'><strong>de</strong></span> <span class='ocrx_word' id='word_1_212' title='bbox 449 2461 686 2500; x_wconf 84' lang='lat' dir='ltr'><strong>Alcumena</strong></span> <span class='ocrx_word' id='word_1_213' title='bbox 711 2469 760 2499; x_wconf 84' lang='lat' dir='ltr'><strong>vt</strong></span> <span class='ocrx_word' id='word_1_214' title='bbox 787 2473 879 2499; x_wconf 89' lang='lat' dir='ltr'><strong>rem</strong></span> <span class='ocrx_word' id='word_1_215' title='bbox 911 2461 1094 2509; x_wconf 85' lang='lat' dir='ltr'><strong>teneatis</strong></span> <span class='ocrx_word' id='word_1_216' title='bbox 1123 2458 1298 2502; x_wconf 75' lang='lat' dir='ltr'><strong>rectius,</strong></span> <span class='ocrx_word' id='word_1_217' title='bbox 1607 2475 1686 2506; x_wconf 80' lang='lat'><strong>110</strong></span> 
     </span>
     <span class='ocr_line' id='line_1_34' title="bbox 176 2531 1535 2592; baseline -0.001 -16"><span class='ocrx_word' id='word_1_218' title='bbox 176 2537 402 2592; x_wconf 87' lang='lat' dir='ltr'><strong>Vtrimque</strong></span> <span class='ocrx_word' id='word_1_219' title='bbox 429 2534 485 2576; x_wconf 80' lang='lat' dir='ltr'><strong>est</strong></span> <span class='ocrx_word' id='word_1_220' title='bbox 515 2532 717 2591; x_wconf 76' lang='lat' dir='ltr'><strong>grauida,</strong></span> <span class='ocrx_word' id='word_1_221' title='bbox 749 2547 792 2576; x_wconf 86' lang='lat' dir='ltr'><strong>et</strong></span> <span class='ocrx_word' id='word_1_222' title='bbox 821 2550 871 2576; x_wconf 85' lang='lat' dir='ltr'><strong>ex</strong></span> <span class='ocrx_word' id='word_1_223' title='bbox 896 2537 1017 2580; x_wconf 85' lang='lat' dir='ltr'><strong>viro,</strong></span> <span class='ocrx_word' id='word_1_224' title='bbox 1058 2545 1100 2574; x_wconf 87' lang='lat' dir='ltr'><strong>et</strong></span> <span class='ocrx_word' id='word_1_225' title='bbox 1128 2547 1180 2574; x_wconf 89' lang='lat' dir='ltr'><strong>ex</strong></span> <span class='ocrx_word' id='word_1_226' title='bbox 1207 2531 1378 2572; x_wconf 85' lang='lat' dir='ltr'><strong>summo</strong></span> <span class='ocrx_word' id='word_1_227' title='bbox 1408 2535 1535 2581; x_wconf 67' lang='lat' dir='ltr'><strong>lov-83</strong></span> 
     </span>
     <span class='ocr_line' id='line_1_35' title="bbox 176 2607 1338 2668; baseline -0.006 -15"><span class='ocrx_word' id='word_1_228' title='bbox 176 2612 234 2653; x_wconf 83' lang='lat' dir='ltr'><strong>Et</strong></span> <span class='ocrx_word' id='word_1_229' title='bbox 259 2625 381 2653; x_wconf 77' lang='lat' dir='ltr'><strong>meus</strong></span> <span class='ocrx_word' id='word_1_230' title='bbox 410 2620 529 2668; x_wconf 76' lang='lat' dir='ltr'><strong>pater</strong></span> <span class='ocrx_word' id='word_1_231' title='bbox 560 2623 677 2652; x_wconf 88' lang='lat' dir='ltr'><strong>nunc</strong></span> <span class='ocrx_word' id='word_1_232' title='bbox 706 2612 823 2651; x_wconf 80' lang='lat' dir='ltr'><strong>intus</strong></span> <span class='ocrx_word' id='word_1_233' title='bbox 859 2611 930 2651; x_wconf 82' lang='lat' dir='ltr'><strong>hic</strong></span> <span class='ocrx_word' id='word_1_234' title='bbox 961 2622 1061 2650; x_wconf 87' lang='lat' dir='ltr'><strong>cum</strong></span> <span class='ocrx_word' id='word_1_235' title='bbox 1090 2610 1162 2652; x_wconf 85' lang='lat' dir='ltr'><strong>illa</strong></span> <span class='ocrx_word' id='word_1_236' title='bbox 1195 2607 1338 2653; x_wconf 83' lang='lat' dir='ltr'><strong>cubat,</strong></span> 
     </span>
    </p>
   </div>
  </div>
 </body>
</html>
