1742 2924
206 177 299 228 608
772 190 777 203 ⁵
807 165 949 225 r'sssv
966 174 1114 224 dom
1348 249 1350 251 ‚

500 295 816 338 *Ac‘rvs
869 286 1354 341 v.scssNA'11.

497 396 678 438 snvro,
732 396 1122 439 PsEvDoLvS,
1178 398 1422 430 BALmo.

264 483 358 524 Vox
396 483 481 522 viri
523 482 706 536 peffumi
749 497 819 523 me
858 482 996 523 exciet
1035 478 1160 523 foras.
1200 482 1273 524 sed
1311 483 1417 541 quid
1462 484 1579 527 hoc?
1627 499 1742 562 quo

729 552 895 593 modo?
937 553 1058 611 quid,
1090 562 1150 600 tu,
1181 554 1311 596 video
1344 554 1455 611 ego?

211 628 290 671 Ρε.
317 626 435 669 Cum*
460 639 619 668 corona
649 627 817 666 ebrium
830 618 1091 669 Pseudolum
1121 641 1258 670 tuum.
1313 633 1378 672 31.
1402 630 1554 672 Libere
1571 630 1717 672 hercle

725 697 811 737 hoc
841 698 1031 752 quidem.
1073 695 1265 757 (secum)
1298 701 1381 741 Sed
1411 703 1512 742 vide
1539 696 1713 743 statunss

207 771 327 812 Num
360 785 454 811 mea
492 772 624 826 gratia
655 771 948 828 pertimescit?
991 776 1128 830 magis
1158 777 1316 832 cogito,
1343 776 1526 818 saeuiter
1552 774 1715 819 blandi-

729 850 848 882 terne
889 843 1109 900 adloquar.

208 916 292 957 Sed
322 917 408 957 hoc
438 928 510 954 me
541 924 658 956 vetat
685 917 775 956 vim
814 917 954 958 facere
989 934 1128 967 nunc,
1172 921 1290 976 quod
1326 917 1439 970 fero,
1487 921 1516 962 fi
1550 932 1636 979 qua
1664 922 1712 962 in

734 987 820 1026 hoc
850 987 940 1042 spes
973 989 1091 1029 fifa'st
1123 991 1249 1031 mihi.

203 1069 284 1111 Ps.
315 1065 389 1105 Vir
421 1064 559 1104 malus
591 1064 685 1103 viro
727 1073 909 1117 optumo
950 1065 1124 1105 obuiam
1166 1066 1213 1106 it.
1291 1068 1356 1107 81.
1387 1066 1446 1105 Di
1479 1075 1522 1106 te
1553 1074 1712 1114 ament,

727 1131 950 1174 Pseudole.
981 1133 1110 1188 phui!
1153 1137 1198 1174 in
1230 1137 1385 1175 malam
1418 1149 1602 1177 crucem.
1690 1149 1711 1186 5

202 1212 282 1254 Ps.
313 1210 401 1251 Cur
430 1223 531 1264 ergo
561 1221 632 1250 me
664 1207 915 1248 adflictemZ‘
986 1212 1051 1251 St.
1086 1211 1207 1264 Quid
1236 1222 1296 1257 tu,
1328 1213 1506 1258 malum,
1536 1225 1638 1268 ergo
1665 1211 1713 1252 iit

727 1291 774 1318 os
804 1280 915 1317 mihi
948 1280 1092 1319 ebrius
1120 1280 1340 1321 inructas‘?

202 1357 282 1400 Ps.
317 1355 508 1396 Molliter
531 1350 617 1391 fiste
648 1365 767 1393 nunc
796 1367 880 1399 me,
913 1367 1032 1400 caue,
1069 1368 1123 1394 ne
1155 1355 1327 1395 cadam.
1367 1368 1459 1396 non
1486 1355 1609 1396 vides
1641 1365 1713 1397 me

725 1433 773 1462 vt
803 1423 977 1463 madide
1008 1423 1235 1463 madeam?

208 1503 274 1544 SI·
309 1500 431 1554 Quae
458 1496 530 1536 ista
557 1497 664 1537 haec
694 1499 869 1539 audacia
904 1498 983 1546 est,
1003 1509 1059 1552 vte
1086 1500 1139 1537 [ic
1168 1498 1382 1557 interdius
1414 1511 1517 1540 cum
1550 1502 1730 1546 corona*

724 1570 895 1609 ebrium
926 1567 1162 1607 incedere?
1201 1567 1279 1607 Ps.
1315 1569 1470 1614 Lubet.

208 1651 275 1691 St.
310 1645 431 1703 Quid
470 1645 624 1686 lubet?
671 1646 839 1703 pergin'
869 1655 1033 1689 ructare
1074 1642 1119 1682 in
1160 1656 1207 1683 os
1245 1644 1389 1685 mihi?
1446 1645 1522 1688 Ps.
1556 1644 1739 1688 Suauis'

726 1725 874 1753 ructus
905 1714 1016 1753 mihi
1044 1712 1113 1758 est,
1142 1713 1196 1753 fic
1228 1715 1312 1752 fine
1341 1714 1487 1755 modo.

209 1796 275 1835 81.
305 1790 445 1833 Credo
475 1788 692 1844 equidem,
729 1789 887 1844 poteffe
916 1798 972 1834 te,
1009 1787 1158 1835 scelus,
1199 1787 1365 1829 Maffiei
1394 1790 1556 1830 montis
1587 1792 1709 1833 vber-

726 1872 873 1898 rurnos
913 1867 1119 1913 quattuor
1617 1885 1622 1889 ,
1659 1877 1707 1912 ¹.0

200 1937 382 1979 Fructus
402 1935 575 1975 ebibere
598 1916 646 1972 iu
664 1934 770 1979 hora
792 1947 892 1973 vna.
940 1934 1017 1974 Ps.
1038 1935 1249 1981 Hiberna,
1274 1932 1435 1976 addito.
1502 1937 1567 1977 δι.
1591 1937 1707 1979 haud

723 2003 835 2040 male
861 2015 1038 2044 mones:

200 2081 287 2124 Sed
312 2080 383 2120 dic
412 2087 581 2127 tamen,
613 2074 730 2116 vnde
759 2076 951 2117 onustam
982 2081 1174 2126 celocem
1204 2069 1324 2138 agere
1356 2090 1398 2121 te
1428 2083 1708 2138 praedicem?

731 2147 797 2187 St.
829 2147 943 2187 Cum
969 2159 1045 2190 tuo
1081 2150 1168 2193 filio

200 2227 432 2284 Perpotaui
459 2224 605 2266 modo.
638 2221 724 2270 sed,
762 2220 896 2267 Simo,
924 2232 971 2262 vt
997 2225 1130 2279 probe
1155 2234 1290 2266 tactus
1318 2224 1457 2265 Ballio
1486 2225 1564 2268 est!
1595 2242 1704 2283 quae

722 2293 804 2333 tibi
835 2291 941 2337 dixi,
972 2302 1020 2332 vt

200 2365 364 2408 Effecta
389 2362 580 2404 reddidi!
636 2363 702 2403 St.
729 2360 940 2400 Derides?
966 2362 1182 2416 pessumus
1207 2362 1342 2406 homo
1371 2359 1439 2404 est.
1500 2363 1578 2406 Ps.
1606 2365 1702 2406 Mu·

719 2432 798 2470 lier
828 2430 935 2470 haec

203 2504 302 2546 Feci
333 2516 435 2545 cum
469 2512 544 2542 tuo
577 2498 667 2539 filio
698 2500 831 2538 libera
864 2498 1058 2541 adcubet.
1124 2503 1187 2543 St.
1221 2500 1394 2551 Omnia,
1423 2511 1473 2542 vt
1509 2504 1702 2562 quidque

721 2566 838 2623 egisti
868 2569 1032 2615 ordine,
1652 2581 1698 2621 15

205 2647 314 2688 Scio.
374 2646 452 2688 Pe.
484 2643 604 2700 Quid
634 2657 732 2698 ergo
764 2643 933 2683 dubitas
966 2643 1065 2683 dare
1094 2644 1203 2684 mihi
1232 2646 1487 2699 argentum?
1533 2649 1596 2689 81.
1629 2647 1699 2688 Iun

719 2715 842 2768 petia,
875 2714 1021 2753 fateor.
1075 2718 1095 2742 s
1553 2728 1556 2734 ·
1612 2725 1650 2731 ¹*
