1742 2892
1114 99 1126 115 Ι

186 144 245 190 28
741 147 1153 182 AMPfflTRvoms

177 238 501 302 Reductumm
533 257 725 296 abituros
754 268 854 310 agro
874 255 1072 309 Argiuos,
1101 265 1253 309 pacem
1285 254 1414 309 atqfie'
1445 256 1584 295 otium

150 334 155 344 ‘
178 334 290 372 Dare
318 334 416 372 illis.
461 332 518 370 lin
544 331 665 370 aliter
690 331 795 371 fient
820 330 1016 376 animati,
1045 342 1191 385 neque
1210 330 1316 370 dent
1346 344 1455 386 quae
1482 339 1616 386 petat,
1642 338 1647 345 '

180 409 279 448 Sese
305 409 435 462 igitur
452 406 616 445 summa
637 408 682 446 vi
702 409 893 462 virisque
911 418 1062 446 eorum
1079 405 1290 460 oppidum
1308 398 1624 462 expugnass'ere.
1642 421 1690 460 55

179 483 299 522 Haec
326 482 402 521 vbi
421 482 624 522 Telebois
657 482 808 522 ordine
835 484 1066 529 iterarunt,
1103 496 1211 537 quos
1241 480 1504 536 praefecerat

177 559 460 612 Amphitruo:
494 559 764 613 magnanimi
795 558 901 604 viri,
932 557 1031 599 freti
1060 560 1223 599 virtute
1253 567 1295 597 et
1318 559 1485 598 viribus

180 634 388 687 Superbi,
418 634 550 672 nimis
580 633 780 673 ferociter
809 633 971 688 legatos
1002 633 1163 675 nostros
1194 636 1434 688 increpant.

175 707 472 763 Respondent,
505 709 619 749 bello
652 709 692 749 se
726 719 769 749 et
798 708 899 749 suos
929 702 1057 759 tutari
1089 709 1227 764 poffe:
1263 709 1447 763 proinde
1477 710 1540 751 vti

174 785 360 839 Propere
391 784 444 823 de
471 783 629 824 finibus
660 784 744 824 suis
775 786 984 826 exercitus
1015 785 1292 827 deducerent.
1396 818 1401 823 ,
1633 790 1688 829 60
1740 840 1742 842 Ι

176 861 296 899 Haec
323 861 398 898 vbi
428 861 555 914 legati
587 862 815 917 pertulere,
850 863 1111 918 Amphitruo
1144 861 1285 905 castris
1311 861 1436 900 ‘illico

173 937 381 976 Producit
411 949 585 976 omnem
621 937 881 977 exercitum:
912 949 1058 978 contra
1088 937 1304 978 Teleboae
1333 950 1384 977 ex
1413 934 1575 990 oppido

171 1013 386 1066 Legiones
419 1011 612 1055 educunt
641 1011 751 1057 suas,
781 1014 915 1052 nimis
948 1014 1109 1068 pulcris
1137 1014 1265 1052 armis
1291 1011 1518 1067 praeditas.

168 1088 397 1143 Postquam
425 1088 647 1142 Vtrimque
677 1089 841 1128 exitum
872 1086 927 1126 est
955 1102 1154 1130 maxuma
1188 1090 1326 1143 copia,
1573 1071 1578 1074 .

170 1164 401 1218 Dispertiti
426 1163 535 1207 viri,
575 1162 791 1218 dispertiti
822 1162 1018 1204 ordines:
1628 1165 1682 1213 65

168 1240 261 1280 Nos
297 1238 455 1278 nostras
488 1252 607 1278 more
636 1239 776 1280 nostro
810 1250 851 1279 et
880 1239 1012 1280 modo
1042 1239 1319 1280 instruximus
1346 1238 1554 1293 legiones.

170 1316 278 1354 Item
310 1313 448 1354 hostes
480 1322 630 1354 contra
662 1316 854 1369 legiones
885 1313 979 1355 suas
1010 1314 1236 1356 instruunt.

167 1390 339 1430 Deinde
366 1391 538 1443 Vtrique
570 1392 850 1444 imperatores
879 1393 925 1430 in
952 1391 1148 1431 medium
1179 1384 1339 1431 exeunt

166 1467 296 1506 Extra
325 1466 496 1506 turbam
528 1466 757 1513 01·dinu1n;
797 1468 1141 1522 conloquuntur.
1174 1467 1297 1506 fimul

164 1542 411 1588 Conuenit,
442 1543 548 1582 victi
584 1543 669 1582 vtri
703 1543 781 1580 [int
810 1556 861 1583 eo
888 1542 1068 1597 proelio,
1624 1556 1681 1595 70

163 1617 339 1661 Vrbem,
369 1629 532 1671 agrurn,
565 1631 666 1663 aras,
702 1616 835 1663 focos,
869 1617 997 1673 seque
1028 1619 1092 1657 vti
1123 1616 1344 1657 dederent.

163 1691 391 1746 Postquam
425 1692 471 1731 id
503 1696 612 1733 actu’
644 1693 720 1739 est,
764 1694 894 1733 tubae
921 1696 1144 1749 vtrimque
1175 1704 1361 1734 canunt:
1395 1703 1546 1734 contra
1578 1715 1587 1719 -

164 1767 386 1807 Consonat
417 1776 547 1808 teira:
583 1770 817 1809 clamorem
850 1771 1069 1825 Vtrimque
1100 1768 1300 1810 efferunt.

162 1845 399 1898 Imperator
425 1844 642 1899 Vtrimque
671 1847 778 1886 hinc
810 1857 852 1886 et
884 1846 1006 1884 illinc
1035 1846 1132 1885 Iovi

160 1919 268 1959 Vota
300 1917 536 1972 suscipere,
572 1922 733 1961 hortari
766 1923 1029 1961 exercitum:
1116 1947 1120 1950 ›
1619 1941 1671 1980 75

157 1994 242 2036 Pro
271 1993 545 2049 se.qnisque‚
577 1995 622 2034 id
647 1998 766 2051 quod
796 2000 982 2053 quisque
1011 1995 1146 2052 potest
1176 2006 1220 2036 et
1245 1995 1372 2044 valet,

156 2071 287 2117 Edit3
323 2069 437 2110 ferro
467 2068 591 2109 ferit:
622 2071 704 2109 tela
733 2070 960 2127 frangunt:
990 2073 1092 2112 boat

158 2145 344 2186 coelum
373 2143 548 2185 fremitu
577 2147 745 2185 virum:
778 2162 826 2186 ex
860 2147 1012 2200 spiritu
1039 2159 1167 2203 atque
1197 2148 1392 2186 anhelitu

98 2266 101 2269 ,
157 2223 330 2263 Nebula
363 2219 550 2261 constat:
583 2221 743 2261 cadunt
774 2223 963 2263 volneris
991 2225 1036 2262 vi
1063 2224 1108 2263 et
1135 2223 1310 2262 virium.

157 2299 376 2352 Denique,
406 2307 456 2335 vt
480 2297 726 2343 voluimus,
758 2297 892 2336 nostra
924 2299 1091 2353 superat
1117 2311 1298 2339 manus:
1618 2309 1672 2348 80

159 2371 310 2413 Hostes
340 2372 481 2412 crebri
513 2371 694 2411 cadunt:
733 2372 861 2412 nostri
893 2387 1040 2415 contra
1071 2376 1293 2428 ingruunt.

146 2448 351 2502 ‚Vicimus
382 2449 427 2486 vi
460 2445 637 2488 feroces.
999 2455 1002 2457 ’

157 2523 242 2563 Sed
270 2521 415 2578 sugam
445 2525 490 2581 in
522 2521 564 2562 se
596 2532 739 2563 tamen
772 2535 901 2562 nemo
933 2524 1216 2573 conuertitur,

158 2598 251 2638 Nec
277 2596 442 2638 recedit
474 2598 590 2642 loco,
633 2599 740 2651 quin
770 2597 904 2636 statim
935 2611 1026 2638 rem
1056 2607 1186 2654 gerat.

157 2675 364 2717 Animam
400 2674 638 2719 omittunt,
677 2673 926 2727 priusquam
967 2675 1062 2715 loco
1094 2669 1362 2728 demigrentz
1494 2684 1497 2686 “
1618 2686 1670 2739 85
