1742 2924
139 189 232 247 316
704 167 1079 238 mcciunvm

132 309 215 351 Vbi
241 321 290 352 tu
319 307 460 364 lepide
489 308 609 348 voles
643 306 722 347 effe
755 306 851 356 tibi,
880 320 977 348 mea
1010 306 1101 348 rosa
1121 338 1130 353 .
1161 307 1286 349 mihi.
1306 288 1460 352 dicito:
1593 327 1644 362 ςο

132 370 262 433 Dato,
286 383 361 440 qui
380 386 491 424 bene
511 383 578 423 fit:
607 392 701 438 ego,
721 381 798 424 vbi
817 385 929 424 bene
949 383 1008 429 fit,
1030 381 1111 423 tibi
1131 383 1277 425 locum
1298 384 1492 442 lepidum
1514 387 1638 429 dabo.
1679 389 1711 409 f

131 463 210 506 Pr.
234 458 425 516 Rapidus
456 456 616 499 fluuius
638 456 695 498 est
718 455 806 502 hic,
833 471 924 499 non
948 458 1030 498 hac
1049 470 1209 499 temere
1239 460 1410 501 transiri
1435 463 1583 518 potest.

129 541 225 581 BA.
255 538 396 591 Atque
437 532 593 575 ecastor
632 533 748 587 apud
784 534 902 575 hunc
931 531 1120 574 fluuium
1160 532 1323 591 aliquid
1360 537 1639 594 perdundum

954 602 1011 642 est
1043 600 1136 642 tibi.
1198 599 1210 612 ¹

126 676 311 718 Manum
343 674 410 718 da,
444 681 486 713 et
524 672 714 729 sequere.
764 673 837 714 1²1.
867 670 974 720 Alia,
1013 671 1220 713 minime!
1271 676 1363 715 BA.
1395 672 1515 729 Quid
1545 672 1637 715 ita?

952 744 1026 784 ΡΙ.
1058 742 1171 798 Quia
1200 742 1303 786 istoc
1335 744 1638 787 inlecebrofius

123 817 239 861 Fieri
258 815 368 856 nihil
386 815 534 870 potest,
548 815 659 862 Nox,
673 813 844 862 Mulier,
857 815 1033 866 Vinum,
1045 818 1217 860 homini
1235 819 1568 862 adolescentulo.
1585 835 1632 871 55

127 898 220 937 BA.
248 895 334 947 Age
365 889 511 946 igitur.
541 888 746 946 equidem
776 893 851 944 pol
885 891 1013 933 nihili
1044 893 1172 942 facio,
1203 894 1280 935 nifi
1310 895 1430 936 causa
1460 905 1547 937 tua.

120 972 198 1012 Ille
226 966 403 1023 quidem
426 967 542 1006 hanc
571 965 767 1007 abducet.
802 977 848 1007 tu
873 969 1018 1011 nullus
1039 962 1239 1018 adfueris,
1270 971 1296 1009 fi
1321 984 1412 1012 non
1443 971 1576 1013 lubet.
1608 1016 1613 1022 ‚

120 1047 198 1089 Pl.
225 1045 388 1085 Sumne
407 1050 551 1080 autem
575 1039 717 1087 nihili,
736 1041 810 1097 qui
833 1056 1047 1100 nequeam
1069 1044 1247 1115 ingenio
1268 1033 1482 1087 moderari
1499 1046 1632 1088 meo?

121 1123 216 1163 BA.
240 1116 359 1175 Quid
380 1116 437 1157 est
462 1118 580 1172 quod
599 1119 801 1169 metuas?
844 1118 917 1161 Ρι.
945 1118 1068 1160 Nihil
1096 1120 1164 1162 est.
1194 1114 1313 1162 n'unc
1332 1134 1426 1176 ego,
1460 1119 1631 1168 mulier,

949 1187 1029 1228 tibi
1059 1204 1130 1230 me
1161 1203 1426 1248 emancupo:

119 1270 242 1309 Tuus
266 1266 374 1313 sum,
400 1263 480 1306 tibi
504 1265 615 1306 dedo
649 1279 838 1322 operam.
894 1267 988 1305 BA.
1012 1264 1214 1320 Lepidus.
1242 1281 1363 1308 nunc
1391 1281 1472 1324 ego
1500 1278 1543 1308 te
1573 1266 1632 1307 fa-

944 1347 1040 1374 cere
1070 1337 1156 1376 hoc
1182 1337 1297 1376 volo.
1575 1337 1629 1376 60

115 1414 208 1468 Ego
238 1408 370 1451 sorori
402 1422 524 1449 meae
551 1422 731 1449 coenam
759 1405 892 1449 hodie
924 1409 1024 1451 dare
1059 1412 1159 1452 volo
1191 1409 1417 1454 viaticam:

111 1489 204 1543 Ego
237 1483 317 1527 tibi
349 1494 578 1540 argentum
608 1482 741 1524 iubeo
771 1482 858 1524 iam
887 1483 1006 1527 intus
1039 1485 1179 1526 efferri
1208 1487 1345 1534 foras;

109 1565 185 1604 Tu
213 1559 344 1602 facito
374 1560 634 1616 opsonatum
664 1557 792 1600 nobis
825 1561 872 1600 fit
904 1563 1163 1615 opulentum
1198 1561 1444 1619 opsonium.
1486 1567 1488 1571 '

110 1641 188 1683 Pr.
214 1639 304 1693 Ego
337 1636 569 1690 opsonabo.
593 1650 692 1675 nam
724 1633 768 1675 id
792 1634 1007 1691 flagitium
1032 1638 1079 1676 fit
1105 1651 1267 1683 meum,
1296 1652 1392 1680 mea
1420 1648 1462 1678 te
1489 1640 1623 1695 gratia

104 1715 163 1757 Et
193 1727 368 1768 operam
400 1712 498 1752 dare
527 1709 661 1758 mihi,
708 1720 751 1752 et
787 1712 841 1752 ad
870 1725 966 1753 eam
1009 1726 1187 1768 operam
1225 1713 1367 1755 facere
1394 1713 1616 1771 sumptum

937 1784 992 1824 de
1027 1795 1118 1825 tuo.
1567 1787 1617 1835 65

38 1867 42 1875 “·
108 1863 203 1903 BA.
243 1859 297 1898 At
328 1870 406 1913 ego
441 1857 543 1897 nolo
581 1855 679 1896 dare
716 1865 758 1896 te
789 1854 1042 1914 quidquam.
1100 1859 1174 1900 ΡΙ.
1207 1855 1325 1900 Sine.
1376 1846 1472 1899 BA.
1512 1857 1617 1901 Sino

932 1926 1159 1984 equidem,
1198 1927 1224 1967 fi
1258 1927 1391 1968 lubet.

100 2009 312 2064 Propera,
352 2005 517 2045 amabo.
581 2003 654 2045 121.
685 2001 808 2044 Prius
845 2001 919 2044 hic
947 2003 1100 2050 adero,
1148 2015 1278 2058 quam
1308 2013 1350 2043 te
1378 2017 1519 2045 amare
1545 2004 1615 2046 de-

932 2074 1078 2113 finam.
1117 2073 1244 2124 (abit)

59 2187 62 2190 ,
100 2155 195 2194 ΒΛ.
229 2150 351 2190 Bene
380 2161 452 2188 me
483 2145 650 2203 adcipis
681 2145 1016 2196 aduenientem,
1046 2161 1141 2188 mea
1172 2146 1302 2188 soror.
1362 2149 1462 2190 BA.
1491 2146 1611 2203 Quid

928 2216 1010 2265 ita,
1049 2216 1254 2259 obsecro?

98 2298 192 2337 BA.
228 2290 341 2349 Quia
371 2289 580 2347 piscatus,
612 2305 711 2334 meo
742 2290 1107 2347 quidemanimo,
1137 2290 1211 2334 hic
1241 2288 1323 2333 tibi
1346 2283 1482 2331 hodie
1512 2303 1609 2332 eue-

495 2366 497 2369 ’
922 2359 988 2403 nit
1001 2404 1007 2413 ,
1021 2363 1174 2402 bonus.

94 2441 188 2481 BA.
222 2436 350 2477 Meus
379 2432 452 2476 ille
475 2432 654 2490 quidem
682 2433 751 2474 est.
785 2431 864 2475 tibi
894 2445 1013 2473 nunc
1040 2445 1212 2487 operam
1241 2433 1351 2476 dabo
1379 2435 1433 2475 de
1453 2435 1607 2476 Mnesi—

917 2503 1061 2545 locho.
1091 2501 1228 2550 soror-3
1420 2557 1422 2559 ‚
1552 2515 1606 2557 70

88 2584 146 2624 Vt
172 2580 246 2623 hic
278 2578 469 2635 adcipias
499 2577 645 2635 potius
675 2593 840 2624 aurum,
871 2591 1002 2635 quam
1031 2574 1136 2616 hinc
1160 2589 1232 2616 eas
1258 2590 1359 2617 cum
1390 2575 1547 2618 Milite.

92 2661 184 2700 BA.
207 2654 363 2712 Cupio.
394 2657 486 2696 BA.
515 2653 702 2696 Dabitur
723 2667 866 2711 opera,
898 2665 1005 2708 aqua
1031 2652 1152 2691 calet.
1183 2664 1328 2694 eamus
1349 2649 1456 2693 hinc'
1473 2650 1603 2698 intro,

917 2730 966 2760 vt
994 2721 1122 2761 laues'.
1669 2721 1672 2723 ’
