1742 2924
577 163 743 207 acrys
770 154 809 204 1.
844 160 1018 203 *scum
1033 147 1087 203 ⁴1.
1482 157 1578 207 843

88 277 179 337 Qixi
206 268 526 331 noshue'aetati
553 273 808 334 tempestiuo
835 269 1085 328 temper-int,

16 395 19 397 ,
47 340 49 345 ¹
72 355 211 396 :vnde
243 363 456 411 anteparta
484 356 636 396 demus
669 350 1010 408 postpartoribus‚

87 428 237 472 faxim
262 432 471 473 lenonum
500 440 544 471 et
566 430 820 476 scortorum,
848 441 898 471 vt
929 431 1029 486 plus
1058 426 1129 475 est,
1157 422 1304 468 minus

0 503 11 509 '⁷
87 505 148 548 Et
166 505 639 550 minus-damnosorum
661 504 918 554 hominum,
947 508 1079 561 quam
1096 516 1227 543 >nunc:
1256 499 1376 550 sunt,
1415 502 1502 543 siet.

23 593 29 598 ·
89 583 205 624 Nam
231 597 351 626 nunc
373 575 583 626 lenonum
612 594 655 624 et
684 582 919 623 scortorum
945 579 1040 635 plus
1071 579 1128 620 est
1156 578 1257 626 sere,
1530 589 1581 628 45

91 659 237 713 Quam
264 657 638 703 olim-muscarum
666 658 744 706 est,
775 670 912 713 quum
939 656 1100 698 caletur
1129 667 1344 695 maxume.

28 734 32 735 ⁷
89 731 203 773 Nam
232 729 446 790 nusquam
475 733 578 776 alibi
610 737 637 775 fi
666 733 786 782 sunt3
820 731 982 773 circum
1012 728 1264 789 argentariae

90 807 229 851 Scorti
255 811 432 852 lenones
465 811 582 867 quasi
612 808 760 850 sedent
792 806 1000 866 quotidie.

91 882 152 924 Ea
179 881 315 926 nimia
348 884 407 926 est
433 882 567 933 rati03
601 882 763 940 quippe
793 883 867 939 qui
892 893 1009 925 certo
1035 880 1136 929 scio,

63 959 65 962 ’
90 956 245 1013 Triplo
275 960 372 1014 plus
402 959 636 1001 scortorum
666 961 746 1009 effe
777 959 862 1001 iam
903 971 1032 1014 quarn
1064 956 1327 1012 ponderum:
1539 966 1589 1004 50

92 1034 216 1088 Quos
246 1033 424 1091 quidem
450 1050 579 1092 quam
609 1035 662 1075 ad
689 1049 781 1075 rem
814 1033 955 1076 dicam
983 1033 1029 1073 in
1060 1029 1305 1090 argentariis

84 1108 264 1153 Referre
290 1112 470 1163 habere,
500 1109 575 1150 nisi
607 1123 685 1164 pro
715 1108 895 1158 tabulis,
927 1106 1086 1155 nescio,

90 1184 173 1227 vbi
201 1200 300 1227 aera
327 1184 642 1241 perscribantur
666 1182 873 1240 vsurari-a:

91 1259 292 1319 Adcipiat
319 1260 437 1304 illico
461 1258 668 1316 expensa,
704 1273 848 1318 neque
876 1259 1057 1302 censeat.

90 1335 306 1378 Postremo
338 1335 387 1380 iu
413 1351 571 1394 magno
598 1339 784 1394 populo,
814 1335 862 1377 in
894 1334 1045 1377 multis
1074 1333 1343 1384 hominibuu
1541 1348 1590 1386 ςς

89 1413 156 1455 Re
181 1411 347 1468 placida
374 1425 507 1470 atque
534 1411 692 1460 otiosa,
724 1411 852 1453 victis
881 1409 1086 1458 hostibus,
1232 1410 1245 1415 ’

10 1504 13 1511 ·
89 1489 246 1530 Amare
277 1499 446 1543 oportet
477 1502 651 1538 omnes,
686 1492 786 1545 qui,
811 1489 929 1547 quod
961 1490 1087 1536 dent,
1116 1488 1291 1529 habent.

88 1563 205 1607 Nam
229 1563 342 1604 mihi
368 1567 475 1607 haec
501 1565 722 1612 meretrix,
756 1577 864 1621 quae
889 1561 964 1604 hic
994 1563 1151 1610 habet,
1183 1563 1479 1611 Phronesium,

91 1639 228 1680 Suum
250 1652 413 1681 nomen
442 1650 573 1680 omne
601 1653 652 1680 ex
681 1651 854 1695 pectore
883 1637 1078 1680 exmouit
1105 1652 1221 1687 meo,

90 1713 383 1756 Phronesium.
413 1728 515 1757 nam
541 1716 768 1757 Phronefis
796 1716 853 1756 est
886 1713 1108 1771 sapientia.
1538 1713 1594 1754 60

89 1790 203 1830 Nam
230 1804 302 1830 me
331 1788 452 1830 fuiffe
480 1789 585 1831 huic
617 1791 755 1832 fateor
783 1791 1001 1833 summum
1032 1801 1161 1847 atque
1189 1786 1411 1837 intimum,

91 1863 226 1918 Quod
253 1862 436 1904 amantis
464 1867 604 1906 multo
631 1866 872 1922 pessumum
901 1868 958 1909 est
990 1865 1214 1923 pecuniae.

89 1940 275 1987 Eadem,
304 1940 526 1996 postquam
556 1940 687 1982 alium
719 1941 932 1998 repperit,
969 1940 1045 1998 qui
1075 1943 1173 1997 plus
1199 1941 1330 1985 daret,

89 2017 434 2062 Damnofiorem‚
465 2029 536 2056 me
571 2014 726 2057 exinde
759 2015 925 2057 amnuit
955 2019 1069 2064 loco,

77 2090 237 2143 ‘Quem
259 2088 460 2130 infestum
488 2106 536 2133 ac
565 2091 762 2134 odiosum
793 2089 868 2133 fibi
897 2091 976 2132 effe
1006 2095 1272 2136 memorabat
1300 2096 1424 2142 mala,
1539 2097 1591 2147 65

7 2164 14 2170 ’
90 2164 451 2219 Babyloniensem
481 2165 690 2208 militem:
724 2166 760 2208 is
793 2182 913 2208 nune
942 2165 1102 2210 dicitur

64 2243 304 2282 ‘Venturus
330 2255 527 2297 peregre:
561 2255 612 2282 eo
643 2256 762 2283 nunc
785 2254 1029 2283 commenta
1060 2243 1117 2282 est
1147 2244 1312 2296 dolum,

80 2314 303 2371 ‘Peperisse
335 2313 487 2357 fimilat
516 2317 625 2363 sese,
655 2328 703 2358 vt
733 2331 804 2358 me
834 2316 1031 2357 extrudat
1058 2317 1184 2367 foras,

92 2392 233 2447 Atque
261 2403 310 2432 vt
338 2406 439 2433 cum
470 2392 557 2433 solo
588 2402 884 2447 pergraecetur
911 2388 1074 2432 milite:

90 2465 206 2507 Eum
232 2451 314 2506 effe
350 2465 503 2508 fimilat
529 2464 712 2507 militem
737 2481 876 2521 puero
905 2479 1086 2521 patrem.
1542 2488 1598 2525 70
1636 2512 1638 2514 ,

32 2552 33 2555 ’
93 2540 216 2598 ,Quid
244 2540 309 2581 isti
338 2527 599 2599 subpositum
627 2555 811 2598 puerum
842 2554 951 2596 opus
978 2541 1225 2598 pessumae?

92 2613 210 2656 Mihi
238 2618 365 2657 verba
394 2627 511 2660 retur
544 2620 640 2660 dare
675 2619 790 2660 sese?
818 2629 872 2659 an
896 2629 967 2655 me
997 2616 1163 2661 censuit

97 2691 248 2740 Celare
272 2691 315 2733 se
342 2692 526 2750 potesse,
564 2692 737 2750 grauida
770 2695 796 2734 fi
826 2693 967 2735 foret?
