1742 2924
179 157 275 202 4¹8
659 155 1201 209 menancnmonvm

185 274 267 314 Cr.
294 270 416 313 Solet
436 271 581 326 'iocari
608 268 732 326 saepe
762 285 935 312 mecum
965 276 1037 318 illo
1069 280 1237 322 modog.

177 349 391 401 Quamuis
420 346 631 386 ridiculus
669 346 738 393 eft,
769 349 845 387 vbi
873 364 980 391 vxor
1010 366 1100 393 non
1130 356 1254 398 adest.
1292 340 1296 347 ’

158 424 272 468 'Ma
289 424 409 483 Quid
424 424 485 463 ais
506 421 585 461 tu?
603 422 683 463 Cr.
699 422 819 475 Quid
840 425 920 471 vis,
934 427 1142 482 inquam?
1163 431 1397 490 satin’khoc,
1413 441 1529 493 quod
1545 443 1686 493 vides,³

168 502 331 541 Tribus
361 500 488 540 vobis
518 497 775 552 opsonatum
805 499 891 541 est?
932 516 986 542 an
1014 504 1178 558 opsono
1207 512 1406 564 amplius,
1624 537 1677 574 45

168 577 275 618 Tibi
304 587 347 617 et
373 575 548 631 parasito
584 585 627 614 et
649 575 857 616 mulieri?
912 579 1010 618 ME.
1041 580 1159 633 Quas
1185 592 1231 624 tu
1259 589 1476 637 mulieres,

170 654 295 711 Quos
321 662 369 692 tu
396 650 594 706 parasitos
626 650 837 705 loquere?
896 655 1021 694 Mes.
1051 656 1180 710 Quod
1210 668 1253 699 te
1278 674 1402 718 vrget
1430 638 1600 716 scelus„

169 731 261 785 Qui
290 729 394 768 huic
424 726 472 765 fis
502 724 736 766 molestus?
789 727 871 768 Cr.
902 728 1021 782 Quid
1054 733 1136 772 tibi
1168 749 1343 778 mecum
1376 740 1433 780 est
1469 745 1567 786 rei?

162 806 257 862 Ego
287 814 331 843 te
360 814 452 841 non
480 802 612 842 noui:
647 815 745 841 cum
771 802 856 842 hoc
881 816 1008 858 quem
1037 810 1160 848 noui>
1178 809 1359 855 fabulor.

165 883 265 925 ME·
298 879 399 919 Non
429 876 584 929 edepol
616 886 663 919 tu
688 876 835 930 homo·
854 875 982 918 sanus
1009 893 1080 926 e3‚
1119 893 1235 926 certo
1265 887 1366 930 scio.
1621 913 1674 949 ,ο

169 958 252 1000 Cr.
286 957 376 995 Iam
408 966 506 1007 ergo
537 951 644 990 haec
670 951 909 993 madebunt
934 953 1056 996 faxo:
1095 959 1209 999 nihil
1239 966 1501 1010 moral-‚itur-¹

159 1035 293 1076 Proin
322 1042 367 1071 tu
397 1042 454 1068 ne
484 1039 571 1082 quo
604 1027 728 1067 abeas
760 1020 933 1084 longius
964 1031 1016 1071 ab
1049 1034 1239 1076 aedibus.
1283 1063 1285 1069 ‹

156 1107 389 1164 Numquid
418 1103 518 1144 vis?
567 1104 664 1143 ME.
695 1104 749 1144 Vt
778 1117 847 1144 eas
879 1119 1127 1148 maxumam
1158 1111 1207 1155 in,
1240 1115 1399 1155 malam
1429 1129 1613 1162 crucem·

164 1187 247 1228 Cr.
275 1185 339 1224 Ire
368 1180 512 1220 hercle
546 1179 704 1218 melius
736 1178 792 1219 est
821 1190 862 1220 te
893 1182 1068 1223 interim
1097 1209 1154 1216 —
1182 1198 1310 1242 atque
1338 1191 1612 1244 adcumbere‚

154 1263 277 1302 Dum
306 1270 385 1313 ego
411 1258 521 1296 haec
553 1253 726 1308 adpono
764 1254 816 1293 ad
847 1257 1027 1297 Vulcani
1061 1262 1333 1305 violentiam.
1613 1287 1661 1325 55

154 1339 235 1380 Ibo
266 1337 406 1379 inum,
444 1340 487 1371 et
517 1329 660 1370 dicam
686 1340 728 1370 te
763 1332 837 1371 hic
866 1332 1022 1373 adstare
1051 1336 1211 1384 Erotio,
1260 1370 1267 1374 ,

151 1413 208 1454 Vt
238 1422 279 1452 te
304 1410 411 1449 hinc
438 1406 623 1446 abducat
649 1406 810 1460 potins,
839 1421 969 1463 quam
998 1411 1071 1450 hic
1105 1411 1237 1453 adstes
1270 1413 1390 1456 foris.
1427 1419 1553 1471 (abit)

153 1490 252 1531 ME·
281 1488 429 1526 Iamne
457 1480 596 1521 abiit?
627 1481 780 1534 edepol
809 1482 925 1522 haud
956 1486 1184 1527 mendacia

149 1565 247 1605 Tua
276 1561 408 1601 verba
439 1558 634 1612 experior
663 1557 756 1598 effe.
818 1560 941 1599 Mn.
971 1559 1209 1603 Obseruato
1238 1568 1386 1610 modo,

147 1641 264 1682 Nam
294 1635 388 1677 istic
412 1633 688 1675 meretricem
714 1634 842 1675 credo
872 1634 1065 1675 habitare
1093 1640 1335 1687 mulierem,
1486 1687 1490 1689 ι
1605 1651 1660 1692 60

146 1718 202 1758 Vt
229 1714 407 1771 quidem
437 1710 508 1749 ille
540 1702 714 1748 insanus
747 1709 878 1756 dixit,
912 1710 987 1763 qui
1019 1711 1123 1751 hinc
1153 1715 1260 1756 abiit
1289 1718 1434 1758 modo.

149 1794 246 1834 ME.
282 1787 367 1834 Sed
396 1787 550 1830 miror,
583 1786 659 1838 qui
689 1784 761 1829 ille
792 1785 966 1824 nouerit
994 1798 1157 1826 nomen
1189 1803 1354 1832 meum.

144 1869 270 1909 DIES.
290 1863 479 1901 Minime
495 1859 639 1899 hercle
663 1860 836 1900 mirum.
867 1872 1035 1899 rnorem
1060 1862 1180 1903 hunc
1204 1852 1450 1910 meretrices
1469 1870 1654 1914 habent:

140 1942 209 1985 Ad
234 1947 410 2008 portum
442 1935 625 1974 mittunt
653 1932 860 1980 seruulus,
890 1935 1134 1984 ancillula53

143 2013 191 2053 Si
219 2025 298 2067 qua
328 2006 552 2062 peregrina
586 2004 709 2043 nauis
739 2005 786 2042 in
812 2011 989 2058 portum
1021 2004 1214 2053 aduenit,
1243 2030 1251 2043 ι
1595 2019 1647 2069 65

141 2084 315 2137 Rogant
345 2076 498 2117 cuiatis
531 2075 599 2119 fit,
639 2073 745 2128 quid
775 2074 815 2111 ei
846 2086 1007 2112 nomen
1041 2076 1126 2116 het.

140 2150 238 2194 Post
259 2150 363 2189 »illae
393 2143 607 2196 extemplo
643 2141 684 2181 se
715 2141 954 2197 adplicant,
988 2145 1270 2199 adglutinant.

139 2223 187 2263 Si
216 2220 505 2276 pellexerunt,
538 2210 758 2265 perditum
788 2212 990 2252 amittunt
1018 2214 1210 2257 domum,

139 2293 271 2333 Nunc
301 2289 350 2327 in
381 2284 482 2325 istoc
510 2290 641 2334 portu
672 2277 747 2318 stat
785 2282 910 2321 nauis
939 2284 1217 2338 praedatoria,

136 2361 223 2402 Abs
252 2370 335 2413 qua
368 2350 612 2394 cauendum
641 2349 770 2389 nob‘is
798 2348 898 2391 sane
928 2355 1093 2406 censeo.
1590 2380 1641 2416 70

137 2431 235 2471 ME.
264 2425 422 2466 Mones
457 2420 634 2476 quidem
666 2421 809 2460 hercle
836 2433 963 2462 recte.
1013 2425 1135 2464 Mas.
1161 2424 1278 2465 Tum
1304 2426 1480 2471 demum
1509 2432 1638 2478 sciam

133 2497 270 2538 Recte
293 2491 527 2535 monuisse,
559 2492 586 2529 fi
619 2501 666 2529 tu
697 2500 811 2530 recte
841 2493 1020 2532 cancris.

135 2569 238 2611 ME.
273 2565 387 2603 Tace
417 2561 521 2601 dum
551 2572 805 2613 parumper:
836 2573 936 2599 nam
968 2562 1219 2613 concrepuit
1247 2563 1412 2607 ostium.

130 2636 364 2675 videamus
395 2632 470 2686 qui
502 2629 606 2667 hinc
638 2628 868 2681 egreditur.
928 2630 1050 2668 Mas.
1082 2629 1177 2670 Hoc
1211 2646 1371 2686 ponam
1406 2638 1592 2680 inte'rim,

126 2702 402 2746 Adferuamte
432 2699 538 2738 haec
564 2695 887 2740 tultisnauales
917 2697 1061 2751 pedes.
1575 2721 1625 2758 75
