1742 2924
155 198 248 244 230
769 200 1040 239 casuue

162 309 243 351 CL.
274 306 511 349 Conuenit.
539 309 608 348 vis
638 310 723 351 tuis
755 308 988 353 Chalinum
1012 308 1106 349 huc
1137 324 1317 351 euocem
1348 314 1492 355 verbis
1521 313 1663 358 foras?

155 384 226 426 Tu
249 397 348 423 eum
379 393 514 430 orato,
545 396 624 439 ego
649 392 795 423 autem
823 385 953 426 orabo
981 370 1207 428 villicum.<
1233 389 1304 429 ST.
1336 389 1445 430 Sane
1468 393 1583 433 volo.
1613 409 1662 445 55

163 459 247 516 CL.
281 460 370 499 Iam
399 459 473 500 hic
511 459 607 500 erit.
638 472 758 500 nunc
790 462 1081 517 experiemur,
1119 461 1310 503 nostrum
1341 474 1437 505 vter
1465 467 1527 506 fir‘
1547 467 1665 507 blan-

1017 540 1019 542 ’
1047 531 1152 572 dior.
1191 533 1326 584 (abit)

165 604 241 648 ST·
275 605 486 646 Hercules
513 605 657 659 Dique
691 605 810 646 issam
839 607 1033 661 perdant,
1066 608 1184 662 quod
1213 621 1331 649 nunc
1353 609 1481 649 liceat
1509 609 1665 652 dicere.

160 678 255 734 Ego
285 679 524 720 discrucior
553 679 680 720 miser
708 694 872 723 amore:
913 683 983 722 illa
1013 690 1156 723 autem
1187 685 1300 739 quasi
1329 685 1383 724 ob
1419 685 1669 727 iudustriam
1720 675 1725 679 ”

158 754 279 797 Mihi
303 755 563 797 aduersatur.
593 756 761 798 subolet
782 759 868 798 hoc
895 760 980 799 iam
1003 760 1138 807 vxori,
1172 759 1290 814 quod
1313 772 1392 815 ego
1418 762 1666 804 machinor:

161 830 343 889 Propter
362 845 456 874 eam
482 845 571 875 rem
594 835 730 891 magis
761 835 972 892 armigero
1001 834 1074 877 dat
1095 847 1266 890 operam
1290 834 1342 875 d'e
1368 836 1584 878 industria.
1613 844 1667 884 60
1726 850 1731 854 ·

496 1020 758 1063 ACTVS
813 1023 876 1063 ΙΙ.
946 1021 1343 1088 SCENAJV.

645 1131 867 1163 STALINO
881 1153 891 1172 ‚
933 1133 1204 1165 CHALINVS.

222 1223 314 1280 Qui
334 1249 391 1258 --
418 1228 542 1268 illum
567 1228 644 1267 Dii
676 1241 827 1268 omnes
848 1230 1051 1284 Deaeque
1083 1228 1277 1285 perdant.
1334 1233 1421 1274 Cu.
1456 1233 1535 1281 Te,
1567 1247 1675 1276 vxor

696 1294 701 1302 “
1059 1299 1198 1338 aiebat
1226 1308 1313 1344 tua,

166 1364 243 1407 Me
260 1381 427 1413 vocare.
447 1372 519 1412 ST.
533 1372 626 1427 Ego
646 1373 764 1413 enim
782 1374 928 1414 vocari
948 1370 1057 1413 ium.
1090 1374 1176 1415 Cn.
1189 1373 1401 1430 Eloquere
1417 1375 1522 1430 quid
1539 1369 1678 1417 velis?

174 1443 250 1482 ST.
282 1444 482 1485 Primum
506 1461 585 1503 ego
618 1459 660 1489 te
694 1449 958 1504 porrectiore
989 1447 1132 1489 fronte
1160 1449 1260 1490 volo
1288 1462 1457 1489 mecum
1487 1450 1621 1505 loqui.

177 1515 263 1559 Cn.
285 1518 476 1560 Stultitia
499 1521 568 1568 eft,
587 1525 628 1562 ei
649 1526 692 1563 te
722 1523 801 1564 effe
824 1523 997 1571 tristem,
1024 1525 1182 1579 quoius
1207 1523 1386 1578 potestas
1408 1526 1506 1578 plus
1529 1525 1677 1579 potest.

142 1611 146 1614 ⁷
176 1594 250 1633 ST.
277 1593 413 1637 Proh!
443 1596 582 1639 bonae
611 1598 727 1655 frugi
754 1601 982 1640 hominem
1007 1608 1049 1639 te
1071 1601 1155 1639 iam
1182 1599 1349 1654 pridem
1378 1597 1456 1640 effe
1481 1602 1676 1642 arbitror.

1069 1670 1155 1710 Cn.
1187 1670 1408 1725 Intellego.
1655 1687 1676 1725 5

172 1742 307 1796 Quin,
343 1745 370 1784 fi
404 1747 461 1787 ita
495 1748 710 1794 arbitrare,
738 1749 903 1788 emittis
931 1762 1001 1788 me
1029 1759 1179 1787 manu.
1238 1747 1310 1786 ST.
1341 1745 1461 1799 Quin
1488 1746 1531 1786 id
1562 1749 1678 1789 volo.

175 1818 262 1858 Sed
290 1821 402 1860 nihil
430 1821 508 1868 est,
538 1837 609 1862 me
637 1837 793 1879 cupere
823 1818 1010 1867 factum,
1042 1822 1119 1860 nisi
1150 1831 1195 1861 tu
1225 1820 1346 1861 factis
1376 1821 1568 1861 adiuuas.

181 1895 268 1936 Cn.
294 1897 425 1950 Quod
452 1898 577 1944 velis,
600 1898 732 1940 modo
755 1899 800 1938 id
822 1899 955 1939 velim
982 1910 1052 1937 me
1081 1895 1200 1936 scire.
1248 1898 1320 1937 δι’.
1340 1894 1540 1936 Ausculta
1567 1909 1680 1954 ergo,

1062 1968 1236 2022 loquar:

119 2089 122 2091 Β
172 2034 370 2079 Casinam
401 2055 480 2097 ego
509 2055 687 2082 onrem
716 2043 889 2097 promisi
920 2043 1068 2083 villico
1101 2042 1240 2082 nostro
1271 2042 1384 2083 dare.

182 2116 270 2155 GH.
297 2115 352 2157 At
377 2125 451 2157 tua
482 2131 589 2157 vxor
619 2116 823 2175 filiusque
850 2116 1137 2172 promiserunt
1165 2118 1290 2157 mihi.
1339 2120 1411 2159 ST.
1441 2120 1554 2162 Scio.
1630 2141 1683 2169 10

174 2191 262 2231 Sed
289 2202 439 2231 vtrum
469 2206 590 2232 nunc
622 2203 670 2237 tu
701 2195 909 2234 caelibem
941 2194 1019 2233 esse
1049 2204 1091 2233 te
1119 2195 1261 2233 mauis
1288 2193 1488 2242 liberum,

173 2267 241 2307 An
269 2268 474 2307 maritum
503 2267 672 2308 servum
702 2280 884 2310 aetatem
917 2269 1068 2324 degere
1098 2279 1140 2308 et
1169 2277 1318 2323 gnatos
1349 2268 1478 2308 tuos?

175 2343 310 2396 Optio
339 2344 447 2384 haec
476 2355 548 2385 tua
576 2343 654 2384 est:
687 2355 826 2384 vtram
855 2344 1005 2392 harum
1034 2343 1431 2383 visconditionem
1460 2338 1624 2401 adcipe.

184 2419 271 2460 Cu.
301 2420 431 2460 Liber
460 2420 487 2458 [i
519 2421 616 2466 sim,
646 2432 745 2459 meo
776 2421 970 2474 periculo
996 2421 1169 2464 vinam,
1202 2431 1321 2457 nunc
1345 2419 1451 2459 viuo
1483 2430 1573 2461 tuo,

175 2477 244 2535 D'e
276 2496 422 2536 Canna
450 2504 618 2538 ‚certum
648 2493 726 2541 est,
769 2494 1004 2536 concedere
1028 2494 1201 2534 homini
1230 2502 1331 2533 nato
1364 2496 1545 2536 nemini.
1633 2514 1682 2550 15

184 2572 257 2612 ST.
275 2572 393 2612 Intro
413 2572 497 2618 abi,
520 2580 646 2626 atque
666 2579 861 2610 actutum
877 2582 1056 2611 vxorem
1078 2569 1166 2608 huc
1182 2581 1314 2608 euoca
1332 2578 1429 2609 ante
1450 2570 1566 2612 aedis
1585 2558 1690 2614 cito.'

176 2646 232 2686 Et
249 2625 420 2687 [il-tellam
438 2647 523 2686 huc
538 2645 859 2691 tecum,atlfe1·t0
876 2658 974 2685 cum
987 2658 1092 2698 aqua
1108 2653 1146 2683 ct
1163 2642 1297 2684 sortis.
1315 2645 1398 2685 Cn.
1413 2646 1521 2686 Satis
1535 2648 1685 2701 placen

184 2724 255 2764 δι’.
291 2723 383 2779 Ego
412 2725 486 2779 pol
522 2722 639 2765 istam
668 2723 754 2764 iam
782 2719 1099 2777 aliquovorsum
1133 2720 1344 2774 tragulam
1370 2718 1583 2764 decidero.
