1742 2924
209 128 304 178 782
847 134 1067 171 ετιεΗι

205 243 263 284 Et
295 243 324 282 fi
356 241 540 282 duarum
569 236 833 296 poenitebit,
863 238 1028 299 inquit,
1067 242 1279 285 addentur
1303 243 1428 285 duae.
1653 257 1703 297 45

205 318 296 359 Pa.
328 314 437 372 Quis
469 314 596 366 istuc,
637 319 827 375 quaeso?
873 334 927 360 an
957 319 1050 368 ille,
1094 322 1205 376 quasi
1245 319 1355 376 ego?
1412 317 1504 362 ΑΝ.
1536 319 1575 361 Is
1602 317 1706 376 ipse,

1027 397 1138 452 quali
1165 406 1236 444 ως
1281 405 1374 436 tum
1399 394 1527 437 senex

205 470 303 516 Ille,
339 469 453 524 quasi
483 476 585 524 ego,
625 469 651 507 fi
682 466 773 516 vis,
794 467 972 525 inquit,
1012 483 1213 529 quattuor
1243 473 1338 513 sane
1368 473 1490 522 dato;

203 549 323 588 Dum
352 544 577 602 equidem,
614 548 781 595 hercle,
814 547 933 602 quod
962 548 1112 596 edant,
1150 549 1304 596 addas3
1339 562 1489 589 meum
1515 560 1573 589 ne
1603 559 1704 589 con·

730 605 734 610 ’
1016 627 1225 660 -truncent
1252 616 1416 659 cibum.
1652 605 1660 612 .

199 697 290 740 ΡΛ.
326 692 534 737 Videlicet
562 707 739 749 parcum
766 692 891 736 illum
922 693 1044 736 fuiffe
1073 695 1232 741 senem,
1267 692 1342 749 qui
1373 691 1552 736 dixerit:

202 769 422 831 Quoniam
453 768 525 810 ille
554 767 619 808 illi
646 769 888 826 pollicetur,
917 770 991 828 qui
1023 787 1122 813 eum
1152 770 1300 812 cibum
1330 770 1588 828 poposcerit.
1651 784 1701 822 ςο

197 845 296 891 AN·
328 842 538 884 Videlicet
564 843 685 886 fuiffe
723 845 845 889 illum
878 862 1066 904 nequam
1099 847 1425 894 adolescentem,
1464 845 1540 905 qui
1568 845 1703 900 illico,

197 920 281 962 vbi
309 919 382 963 ille
407 920 568 977 poscit,
610 922 862 979 denegauit,
906 924 946 966 se
976 927 1076 967 dare
1107 939 1289 982 granum
1318 921 1463 964 tritici.

195 999 366 1046 Hercle,
398 997 499 1054 quia
525 1012 706 1053 aequom
737 1000 974 1053 postulabat
1001 1001 1075 1044 ille
1098 1000 1237 1048 senex,
1264 995 1618 1058 quandoquidem
1652 984 1655 987 v

191 1073 326 1115 Filiae
357 1073 456 1116 illae
485 1075 659 1115 dederat
683 1077 844 1124 dotem,
874 1077 1070 1134 adcipere
1096 1093 1174 1134 pro
1205 1075 1397 1118 tibicina.

189 1153 282 1194 ΡΛ.
306 1153 475 1199 Hercle,
492 1150 565 1193 ille
581 1152 755 1208 quidem
774 1165 887 1197 certo
910 1157 1152 1196 adolescens
1171 1154 1297 1195 docte
1314 1151 1512 1194 vorsutus
1532 1148 1630 1199 fuit,
1646 1163 1666 1202 5
1674 1163 1695 1202 ς

171 1227 286 1284 *Qui
319 1227 410 1269 seni
437 1227 500 1269 illi
530 1230 818 1272 concubinam
845 1231 944 1271 dare
973 1231 1162 1271 dotatam
1191 1228 1346 1271 noluit.

192 1304 289 1349 AN·
323 1305 462 1345 Senex
488 1304 664 1360 quidem
698 1303 861 1351 voluit,
893 1307 918 1345 fi
950 1309 1082 1364 pollet
1111 1305 1313 1361 indipisci
1343 1308 1395 1350 de
1424 1308 1545 1352 cibo:

191 1377 307 1434 Quia
334 1378 507 1434 nequit,
546 1396 628 1436 qua
657 1385 750 1438 lege
779 1377 925 1429 licuit,
956 1387 1066 1424 velle
1093 1379 1202 1424 dixit
1228 1381 1336 1423 fieri.

188 1452 297 1501 Fiat,
326 1453 399 1495 ille
431 1454 573 1511 inquit
602 1461 862 1502 adolescens.
898 1458 1002 1499 facis
1028 1456 1240 1514 benigne,
1271 1455 1416 1512 inquit
1442 1457 1581 1499 senex.

186 1532 386 1573 Habeon’
398 1547 489 1573 rem
505 1533 658 1576 factam
670 1537 690 1577 ‘3
715 1534 872 1592 inquit.
890 1535 1043 1576 faciam
1059 1534 1132 1582 ita,
1147 1533 1306 1590 inquit.
1322 1544 1368 1572 vt
1382 1530 1472 1572 fieri
1492 1534 1626 1573 voles.
1639 1532 1692 1574 60

187 1608 274 1649 Sed
305 1622 385 1665 ego
417 1606 490 1650 ibo
518 1607 649 1659 intro,
683 1624 725 1654 et
753 1613 998 1668 gratulabor
1024 1610 1213 1652 vostrum
1247 1609 1485 1650 aduentum
1518 1607 1634 1651 filiis.

183 1685 332 1728 Postea
357 1684 431 1726 ibo
455 1687 645 1728 lanatum
674 1684 722 1726 in
743 1689 943 1744 pyelumz
974 1684 1036 1727 ibi
1067 1685 1225 1726 fouebo
1248 1683 1512 1725 senectutem
1531 1697 1690 1726 meam.

183 1762 302 1811 Post,
334 1761 409 1803 vbi
439 1764 610 1810 lauero,
650 1761 807 1804 otiosus
836 1777 913 1803 vos
945 1759 1139 1818 opperiar
1168 1758 1398 1801 adcubans.

111 1885 114 1888 ,
180 1839 272 1880 PA.
303 1835 572 1893 Graphicum
601 1840 830 1879 mortalem
856 1835 1173 1894 Antiphonem!
1213 1844 1260 1874 vt
1293 1834 1538 1893 Apologum
1568 1831 1687 1882 fecit,

1006 1922 1134 1963 quam
1169 1903 1331 1946 fabre!“

181 1989 235 2030 Vt
262 1985 351 2028 iam
381 2001 500 2029 nunc
528 1986 724 2029 scelestus
750 1985 836 2028 sese
864 1984 985 2028 ducit
1014 2000 1091 2041 pro
1121 1977 1458 2024 adolescentulo!
1631 1978 1688 2028 65-

177 2062 366 2105 Dabitur
391 2061 564 2103 homini
592 2061 904 2110 amica,'noctu
935 2075 1043 2117 quae
1071 2058 1119 2098 in
1144 2060 1255 2098 lecto
1278 2055 1489 2097 adcendet
1513 2053 1682 2095 senem:

176 2141 392 2198 Namque,
410 2140 578 2195 edepol,
603 2122 725 2180 aliud
739 2137 916 2195 quidem
940 2133 1003 2175 illi
1032 2132 1139 2188 quid
1156 2129 1292 2173 amica
1315 2146 1422 2186 opus
1442 2133 1502 2178 fit,
1522 2128 1683 2172 nescio.

178 2217 263 2258 sed
289 2216 394 2274 quid
426 2215 512 2273 agit
539 2219 741 2273 paralitus
775 2213 911 2254 noster
938 2208 1200 2251 Gelalimus?
1228 2206 1358 2248 etiam
1385 2205 1532 2246 valet?
1740 2253 1742 2274 ἶ

180 2295 267 2335 ΕΡ.
288 2292 387 2334 Vidi
417 2294 572 2348 edepol
601 2290 827 2334 hominem
850 2288 967 2330 haud
996 2285 1253 2342 perdudum.
1276 2331 1283 2338 ἱ
1303 2284 1387 2322 PA.
1417 2277 1539 2335 Quid
1563 2276 1684 2336 agit?
1740 2325 1742 2329 ¹

1001 2363 1088 2402 Ep.
1120 2358 1251 2414 Quod
1280 2353 1517 2397 famelicus.
1733 2347 1742 2424 ἕ

175 2449 262 2492 ΡΛ.
295 2445 416 2504 Quin
445 2446 601 2489 vocasti
637 2442 866 2488 hominem
900 2438 953 2479 ad
984 2434 1194 2477 coenam?
1254 2435 1340 2474 Ep.
1371 2434 1439 2475 Ne
1469 2430 1576 2490 quid
1609 2430 1683 2474 ad-
1729 2425 1742 2462 =³

995 2510 1175 2553 veniens
1204 2509 1444 2565 perderem.
1627 2521 1682 2559 70

172 2605 313 2664 Atque
337 2613 487 2640 eccum
513 2593 592 2639 tibi
614 2597 766 2649 lupum
796 2591 843 2632 in
874 2591 1091 2636 sermone3
1123 2585 1318 2642 praesens
1338 2582 1531 2628 esuriens
1553 2583 1679 2627 adest.

168 2677 258 2721 ΡΛ.
273 2673 568 2718 Ludificemur
578 2670 819 2715 hominem.
835 2671 922 2711 Ep.
934 2661 1060 2723 Capti
1076 2660 1240 2711 cOnfilii
1257 2675 1502 2711 memorem
1515 2671 1679 2704 mones.
1737 2702 1742 2740 ἑ
