1742 2892
1074 60 1097 74 η·
1125 50 1140 77 0

184 154 246 198 30
511 131 518 141 “
731 130 1144 191 AMPffl‘eroms

190 266 264 305 So.
295 263 425 304 Certe
455 262 610 318 edepol
638 261 752 309 fcio,
793 264 822 302 fi
852 263 972 303 aliud
1003 264 1242 327 quidfluam
1276 262 1333 305 est
1361 266 1480 321 quod
1508 260 1696 316 credam,
1726 271 1732 286 ⁸

1095 350 1168 379 aut
1200 350 1315 381 certo
1347 341 1491 390 sciam,
1557 377 1562 383 .
1592 325 1693 396 *1⁷15

183 416 327 457 Credo
361 429 441 470 ego
471 416 554 455 hac
587 426 721 455 noctu
749 414 1025 455 Nocturnum
1057 415 1363 457 obdormiuiss'e
1391 419 1572 460 ebrium.

136 506 143 511 ·
183 491 298 532 Nam
324 504 467 546 neque
495 490 535 531 fe
556 492 898 546 Septemtriones
923 504 1145 546 quoquam
1173 493 1220 530 in
1251 495 1372 534 coelo
1401 481 1698 546 commouent,

185 571 337 623 Ndeque
367 567 408 607 se
434 569 558 606 Luna
584 581 805 622 quoquam
837 559 976 606 minat
999 558 1127 621 alque
1154 568 1220 607 vti
1247 580 1390 609 exorta
1420 569 1477 609 est
1499 569 1642 618 semel.

183 644 279 684 Nec
314 645 517 698 Iugulae,
561 656 705 698 neque
738 641 1008 697 Vesperugo,
1051 656 1193 698 neque
1227 645 1438 700 Vergiliae
1473 644 1721 704 obeiduut.¹

185 721 245 766 Ita
277 719 415 759 statim
436 701 542 758 ftant
569 721 704 775 signa:
734 732 874 772 neque
898 732 984 758 nox
1007 732 1228 774 quoquam
1251 720 1453 761 concedit
1475 718 1559 759 die.
1592 712 1702 764 ⁴¹120
1739 730 1742 736 ‘

189 799 287 838 ME.
323 796 475 850 Perge,
506 808 617 840 nox,
655 806 702 834 vt
734 791 960 849 obcepistil
1000 807 1098 849 gere
1130 797 1440 850 patri-morem
1467 793 1588 835 meo!
1625 847 1628 850 Ι

189 873 383 926 Optumo
413 881 590 924 optume
625 880 850 924 optumam
868 883 1059 925 operam
1081 869 1180 910 das:
1221 871 1363 911 datam
1391 872 1542 926 pulcre
1571 871 1732 928 locaso

196 951 270 989 So.
307 947 459 1001 Neque
492 959 570 1000 ego
604 946 686 984 hac
721 955 850 986 nocte
887 945 1130 1000 longiorem
1161 960 1232 986 me
1262 947 1412 987 vidiffe
1441 945 1608 993 censeo,

189 1025 277 1066 Nifi
317 1025 422 1070 item
459 1035 613 1067 vniam,
651 1022 903 1061 verberatus
935 1035 1067 1076 quam
1104 1023 1293 1078 dependi
1322 1032 1560 1077 perpetem.

186 1102 295 1140 Eam
320 1112 494 1155 quoque
519 1097 673 1151 edepol
697 1099 827 1138 etiam
848 1099 987 1137 multo
1009 1099 1116 1138 haec
1136 1100 1244 1139 vicit
1268 1098 1559 1154 longitudine.
1622 1111 1700 1148 125
1731 1117 1735 1120 -

189 1176 329 1216 Credo
352 1175 507 1229 edepol
531 1174 737 1229 equidem
762 1174 951 1217 dormire
978 1174 1148 1219 Solem,
1174 1186 1303 1228 atque
1327 1173 1535 1228 adpotum
1552 1165 1701 1226 probe.

188 1253 303 1291 Mira
331 1251 448 1296 funt,
494 1250 570 1287 nisi
600 1250 811 1289 inuitauit
840 1249 924 1289 sese
955 1251 1000 1289 in
1031 1263 1165 1289 coena
1196 1237 1462 1304 plusculum.

192 1330 288 1369 ME.
324 1327 418 1366 Ain'
450 1338 580 1370 vero,
615 1324 826 1365 verbero?
861 1325 965 1365 deos
993 1325 1072 1365 effe
1104 1327 1169 1379 tui
1201 1327 1354 1365 similes
1383 1325 1542 1380 putas?

189 1405 283 1457 Ego
310 1403 384 1456 pol
413 1411 455 1440 te
487 1400 572 1440 istis
603 1403 691 1440 tuis
722 1415 799 1456 pro
831 1401 959 1442 dictis
990 1412 1032 1442 et
1063 1401 1326 1449 malefactis,
1358 1399 1550 1448 furcifer,

189 1478 440 1533 Adcipiam3
471 1477 604 1517 modo
636 1478 684 1517 sis
716 1480 822 1518 veni
848 1479 958 1517 huc:
995 1478 1197 1517 inuenies
1228 1476 1536 1517 infortunium.
1562 1472 1567 1475 ⁷
1611 1494 1706 1529 >130

197 1558 271 1596 So.
309 1555 392 1594 Vbi
415 1553 516 1593 sunt
544 1553 608 1592 isti
635 1553 907 1600 scortatores,
946 1554 1021 1608 qui
1050 1553 1129 1592 soli
1162 1554 1294 1592 inuiti
1323 1554 1515 1594 cubant?

191 1632 312 1671 Haec
348 1643 431 1670 nox
462 1629 562 1668 scita
584 1627 628 1667 'st
658 1629 896 1669 exercendo
929 1628 1065 1669 scorto
1098 1629 1315 1669 conducto
1337 1630 1469 1668 male.
1692 1681 1694 1684 y

193 1706 443 1747 471E.„Me11s
464 1713 583 1758 pater
602 1717 719 1743 nunc
739 1718 815 1758 pro
837 1706 968 1744 huius
993 1705 1135 1744 verbis
1155 1715 1271 1745 recte
1293 1714 1336 1744 et
1358 1695 1568 1759 sapienter
1585 1703 1703 1752 facit,

193 1783 284 1837 Qui
305 1781 556 1835 complexus
572 1792 668 1819 cum
681 1781 920 1820 Alcumena
942 1781 1071 1820 cubat
1091 1770 1254 1826 amane,
1282 1782 1429 1820 animo
1447 1780 1700 1834 obsequens.
1723 1820 1727 1827 ‚

200 1859 272 1897 So.
307 1857 399 1903 Ibo,
424 1866 485 1901 vt,
512 1855 643 1894 herus
670 1855 786 1910 quod
808 1858 1056 1911 imperauit,
1080 1857 1342 1896 Alcumenae
1363 1856 1578 1895 nuntiem.
1623 1871 1701 1908 135

193 1930 278 1971 Sed
305 1932 404 1984 quis
429 1930 502 1968 hic
531 1930 586 1970 est
611 1932 776 1972 homo?
815 1946 946 1987 quem
972 1943 1069 1972 ante
1095 1932 1236 1972 aedeis
1262 1931 1392 1971 video
1419 1930 1704 1972 hocrnoctis‘ae’

1100 2022 1191 2049 non
1230 2009 1384 2063 placet.

192 2084 291 2124 ME.
321 2082 479 2121 Nullus
508 2080 563 2121 est
588 2083 674 2122 hoc
694 2083 975 2125 meticulosus
1009 2097 1157 2140 aeque.
1212 2084 1284 2123 So.
1317 2081 1478 2138 quem?
1508 2081 1703 2122 Immen-

247 2206 250 2211 .
1099 2169 1188 2199 tem
1226 2159 1362 2204 venit,

189 2234 282 2273 Illic
310 2234 443 2274 homo
472 2232 558 2272 hoc
589 2230 733 2272 denuo
763 2234 858 2273 volt
887 2236 1070 2288 pallium
1098 2234 1309 2274 detexere.

192 2310 291 2351 ME.
330 2308 477 2347 Timet
506 2307 665 2347 homo:
707 2306 909 2347 deludam
947 2324 1026 2365 ego
1064 2311 1202 2350 illum.
1270 2311 1342 2350 So.
1375 2306 1510 2364 perii!
1550 2310 1702 2352 dentes

1099 2386 1315 2442 pruriunt.
1617 2378 1621 2382 ⁴

191 2460 318 2501 Certe
334 2457 639 2498 aduenientem
654 2472 725 2499 me
739 2460 814 2500 hic
830 2459 1019 2515 hospitio
1036 2474 1207 2517 pugnae
1223 2459 1481 2513 adcepturus
1496 2458 1570 2500 est.
1622 2476 1702 2512 140

194 2533 337 2574 Credo
357 2532 596 2574 misericors
621 2534 700 2574 est:
730 2548 851 2574 nunc
874 2547 1048 2588 propter
1067 2551 1114 2576 ea
1140 2535 1260 2590 quod
1281 2549 1351 2574 me
1373 2547 1497 2574 meus
1515 2535 1648 2574 herus

192 2609 314 2650 Fecit
333 2615 386 2648 'vt
413 2610 660 2663 vigilarem,
687 2609 762 2648 hic
792 2612 950 2664 pugnis
982 2610 1110 2651 faciet
1134 2610 1265 2650 hodie
1296 2621 1345 2650 vt
1374 2610 1601 2650 dormiam.

194 2684 369 2740 Oppido
388 2685 562 2724 interii.
602 2683 777 2727 obsecro
805 2684 948 2726 hercle
979 2697 1168 2741 quantus
1194 2696 1238 2727 et
1266 2700 1395 2742 quam
1423 2686 1593 2728 validus
1624 2681 1702 2724 est!
