1742 2924
1357 62 1387 83 0

167 92 263 148 806
618 101 622 110 “
747 87 1128 146 τιιΝνΜΜι”·

171 213 286 258 Nam
316 222 361 254 et
395 213 527 260 illud,
568 214 698 270 quod
715 215 810 264 dat,
848 217 1013 273 perdit,
1045 228 1090 258 et
1124 218 1190 258 illi
1219 219 1420 274 producit
1442 220 1584 260 vitam
1615 217 1671 259 ad

1057 293 1284 335 miseriam.

1627 0 1742 206 ἧς

1732 235 1742 296 1

174 360 278 403 Non
309 375 359 404 eo
386 364 471 406 hoc
497 363 619 412 dico,
649 367 777 422 quin,
809 381 918 422 quae
948 379 997 410 tu
1031 372 1122 417 vis,
1151 383 1230 426 ego
1260 371 1415 418 velim,
1446 377 1488 411 et
1518 367 1674 413 faciam
1730 338 1742 431 Ε

1058 448 1236 487 lubens:
1623 445 1677 483 6·
1736 433 1742 470 ’-

179 513 266 554 Sed
288 527 366 568 ego
390 515 475 554 hoc
497 517 678 557 verbum
700 531 858 573 quum
861 519 925 558 illi
949 520 1122 561 cuidam
1146 521 1257 568 dico,
1278 519 1564 593 praemonstro
1583 518 1680 565 tibi,

180 591 234 633 Vt
261 593 316 631 ita
347 602 390 632 te
419 593 604 632 aliorum
629 593 880 641 miserescat,
911 607 966 634 ne
998 596 1065 636 tui
1089 597 1194 636 alios
1220 589 1435 636 misereat.

182 667 272 709 Ly.
305 667 508 706 Deserere
537 667 676 711 illum,
703 678 746 708 et
775 669 980 709 deiuuare
1011 672 1063 710 in
1087 672 1214 711 rebus
1241 671 1426 712 aduorfis
1451 669 1600 725 pudet.

186 743 281 785 PH.
311 743 388 782 Pol
421 743 580 797 pudere
609 756 738 797 quam
766 746 913 799 pigere
939 745 1127 800 praestat.
1157 747 1339 787 totidem
1370 746 1519 785 literis.

1730 492 1742 527 -i

1734 532 1742 574 l

185 818 276 858 Lr.
293 817 473 870 Edepol,
490 820 631 858 Deum
651 822 812 861 virtute
833 821 990 869 dicam,
1014 833 1144 877 pater,
1163 833 1204 862 et
1223 824 1435 861 maiorum
1460 830 1503 860 et
1518 831 1604 866 tua,
1634 818 1658 858 6
1665 831 1685 869 ς
1732 856 1735 862 .

187 891 329 933 Multa
359 894 469 933 bona
500 896 611 935 bene
638 907 757 949 parta
785 897 1008 937 habemus.
1046 899 1160 938 bene
1190 898 1216 936 fi
1249 899 1389 937 amico
1418 895 1581 941 feceris,
1620 887 1627 896 ’

188 967 257 1008 Ne
289 969 433 1023 pigeat
464 968 628 1010 feciffe:
662 980 710 1010 vt
737 974 884 1027 potius
911 973 1091 1026 pudeat,
1134 974 1161 1011 fi
1190 986 1280 1013 non
1307 971 1472 1012 feceris.

192 1043 285 1083 ΡΗ.
311 1044 375 1094 De
410 1046 576 1100 magnis
613 1046 778 1087 diuitiis
810 1049 837 1086 fi
872 1048 978 1103 quid
1009 1048 1169 1092 demas,
1205 1049 1302 1103 plus
1331 1041 1396 1094 fit,
1435 1060 1487 1086 an
1519 1043 1695 1085 minus?

194 1119 283 1161 Ly.
310 1120 473 1165 Minus,
498 1130 630 1175 pater.
660 1121 731 1161 sed
753 1122 842 1162 ciui
874 1122 1131 1163 inmunifico
1157 1123 1362 1179 scis·quid
1380 1122 1541 1168 cantari
1561 1117 1697 1162 solet?

197 1193 330 1248 Quod
365 1195 522 1243 habes,
559 1209 615 1236 ne
645 1198 827 1239 habeas:
875 1209 918 1238 et
946 1199 1077 1245 illud,
1122 1198 1239 1254 quod
1276 1211 1394 1239 nunc
1423 1211 1513 1236 non
1548 1196 1699 1242 habes,

1082 1276 1240 1315 habeas
1262 1296 1320 1307 —-
1351 1269 1534 1313 malum!
1556 1255 1558 1259 ‚
1646 1283 1701 1321 70

200 1348 570 1406 Quandoquidem
599 1365 682 1393 nec
709 1353 792 1394 tibi
821 1355 933 1394 bene
962 1351 1042 1392 ess'e
1066 1362 1189 1406 potes
1215 1350 1317 1405 pati,
1352 1362 1434 1389 nec
1459 1348 1591 1388 alteri.

200 1428 294 1468 PH.
329 1427 430 1468 Scio
460 1423 665 1482 equidem
693 1427 799 1467 istuc
826 1430 884 1467 ita
914 1427 1045 1467 solere
1073 1424 1180 1465 fieri.
1213 1437 1388 1471 verum,
1417 1433 1544 1479 gnate
1573 1423 1664 1470 mi„

202 1503 244 1542 1³
278 1501 335 1542 est
359 1503 570 1549 inmunis,
603 1505 676 1542 cui
705 1503 817 1542 nihil
848 1501 918 1547 est,
951 1503 1221 1558 qui-munus
1255 1498 1460 1555 fungatur
1487 1499 1623 1540 suum.
1673 1542 1675 1544 ,

204 1578 293 1619 Lr.
323 1578 468 1617 Deum
499 1579 662 1618 virtute
699 1579 930 1624 habemus,
973 1586 1015 1616 et
1053 1578 1129 1632 qui
1158 1584 1331 1616 nosmet
1361 1585 1543 1622 vtamur,
1574 1583 1706 1630 pater,

201 1651 260 1691 Et
287 1653 384 1693 aliis
423 1654 499 1709 qui
526 1655 721 1694 comitati
750 1654 877 1695 fimus
904 1638 1282 1694 beneuolentibus.
1312 1665 1314 1667 ·
1655 1655 1705 1697 7ς’

207 1730 299 1773 PH,
331 1728 432 1768 Non
453 1728 609 1782 edepol
634 1730 977 1783 tibi⁵pernegare
1000 1727 1165 1782 poss'um
1188 1725 1440 1782 quidquam,
1453 1723 1570 1779 quod
1589 1723 1710 1764 velis.

207 1803 348 1844 Cuius
377 1804 602 1859 egestatem
632 1806 812 1844 tolerare
838 1805 937 1845 vis?
972 1805 1146 1859 loquere
1173 1801 1374 1842 audacter
1403 1801 1530 1856 patri.

135 1896 138 1899 ·
209 1880 298 1921 Lr.
331 1880 576 1920 Lesbonico
612 1882 716 1921 huic
743 1880 1027 1925 adolescenti,
1057 1877 1317 1928 Charmidae
1343 1874 1448 1919 filio,
1482 1923 1486 1927 p

203 1956 303 2008 ‘Qui
328 1956 420 1995 illic
444 1956 619 1997 habitat.
651 1959 740 1997 Pu.
760 1957 850 2010 Qui
868 1954 1072 2001 comedie,
1093 1952 1209 2008 quod
1231 1951 1329 1997 fuit,
1351 1949 1467 2005 quod
1486 1961 1578 1990 non
1601 1947 1716 1989 fuit?

214 2032 303 2073 Lr.
335 2031 402 2072 Ne
434 2032 660 2087 obprobra,
690 2042 825 2087 pater.
857 2031 993 2070 multa
1023 2029 1235 2070 eueniunt
1259 2025 1443 2071 homini,
1471 2037 1580 2078 quae
1611 2024 1718 2070 volt,

1102 2116 1213 2159 quae
1239 2101 1401 2142 neuolt.
1667 2104 1720 2139 8ο

219 2184 313 2224 ΡΗ.
342 2182 555 2238 Agedum,
584 2182 799 2236 eloquere.
829 2180 936 2236 quid
966 2180 1066 2220 dare
1094 2180 1158 2219 illi
1187 2190 1307 2218 nunc
1338 2174 1437 2214 vis?
1486 2175 1573 2215 Lr.
1598 2171 1725 2214 Nihil

1109 2252 1362 2310 quidquam
1387 2260 1519 2304 pater.

222 2332 469 2388 Sapientiae
504 2341 617 2373 aetas
650 2328 1050 2372 condimentum'2st
1082 2328 1250 2383 sapiens
1281 2327 1406 2366 aetati
1442 2324 1565 2363 cibus
1596 2321 1666 2362 est.

225 2409 318 2448 1⁷11.
349 2407 554 2454 Mentire,
583 2408 752 2463 edepol,
781 2415 934 2461 gnate;
970 2414 1098 2459 atque
1126 2403 1171 2442 id
1201 2415 1320 2443 nunc
1346 2399 1450 2440 facis
1480 2397 1600 2440 haud
1625 2408 1727 2439 con·

1106 2478 1344 2519 suetudine.

224 2566 338 2606 Nam
369 2563 536 2618 sapiens
568 2562 746 2616 quidem
778 2561 853 2615 pol
883 2557 970 2613 ipse
997 2556 1122 2609 lingit
1151 2552 1368 2593 fortunam
1402 2549 1489 2588 fibi.

226 2643 290 2682 Eo
315 2653 370 2681 ne
395 2640 546 2685 multa,
570 2649 679 2693 quae
704 2635 870 2680 neuolt,
893 2634 1116 2690 eueniunt,
1135 2630 1213 2668 nili
1235 2628 1357 2667 lictor
1380 2625 1519 2666 malus
1544 2622 1630 2661 fiet.
1676 2623 1698 2661 8
1706 2632 1727 2669 5
