1742 2924
1133 169 1148 189 ἲ

41 160 44 165 ’
92 179 184 233 328
235 170 236 173 ’
662 187 1038 224 ΒΑοειιιυνΜ

0 316 12 326 -
92 295 204 335 Ante
234 293 363 335 solem
394 295 659 335 exorientem
690 295 767 334 nisi
798 296 844 334 in
875 293 1119 350 palaestram
1151 299 1360 342 venerans
1400 303 1402 306 '
1547 287 1604 336 20-

95 370 310 420 Gymnafii
341 369 555 424 praefecto
583 369 699 410 haud
729 370 960 411 mediocris
990 384 1150 426 poenas
1179 371 1402 425 penderes..

93 445 143 488 Id
175 447 282 502 quoi
311 447 535 501 obtigerat,
567 447 652 486 hoc
679 448 811 486 etiam
843 447 895 486 ad
927 448 1093 487 malum
1123 446 1400 494 arcessebatur
1422 446 1601 491 malum,

96 521 154 561 Et
185 520 422 576 discipulus
455 533 496 562 et
524 521 721 576 magister
750 523 1088 577 perhibebantur
1118 522 1307 579 inprobi.

99 597 167 637 Ibi
200 598 336 643 cursu,
363 597 580 644 luctando,
612 597 739 644 hasta,
769 597 900 646 disco,
934 600 1159 654 pugillatu,
1190 600 1291 655 pila,

98 673 300 714 Saliendo
335 673 419 714 sefe
452 675 705 714 exercebant
731 675 882 729 magis,
908 689 1037 730 quam
1066 673 1216 721 scorto,
1250 685 1323 716 aut
1346 675 1496 718 rauiis:
1556 692 1604 728 ²5

99 748 167 789 Ibi
200 748 316 789 sna'rn
345 758 527 789 aetatem
561 750 864 796 extendebant,
894 763 984 791 non
1012 753 1059 790 in
1087 751 1299 792 latebrosis
1332 753 1454 793 locis.
1560 749 1567 751 ”

100 824 210 865 Inde
239 825 291 864 de
322 825 614 879 hippodromo
644 817 686 865 et
715 825 915 882 palaestra
946 828 1022 866 vbi
1050 827 1278 868 reuenisses
1308 827 1503 873 domum,
1549 816 1553 818 l

98 898 349 939 Cincticulo
379 902 651 954 praecinctus
683 903 728 941 in
760 901 858 942 sella
889 901 1002 957 apud
1027 902 1271 957 magistrum
1301 903 1528 943 adsideres:
1591 883 1597 895 Ι

105 974 258 1028 Quum
293 976 451 1016 librum
483 976 663 1030 legeres,
698 977 723 1016 fi
758 990 887 1017 Vnam
916 977 1174 1033 peccauiffes
1208 977 1423 1028 syllabam,

103 1050 246 1091 Fieret
273 1052 438 1091 corium
465 1062 550 1093 tam
576 1053 856 1097 maculosum,
887 1066 1015 1108 qnam
1045 1053 1100 1092 est
1122 1055 1301 1094 nutricis
1329 1053 1521 1108 pallium.
1566 1065 1616 1100 30

108 1128 211 1168 ΜΝ.
234 1127 412 1182 Propter
441 1142 511 1168 me
531 1129 639 1168 haec
659 1141 778 1170 nunc
809 1143 908 1170 meo
937 1129 1072 1169 sodali
1103 1130 1189 1170 dici
1214 1130 1451 1170 discrucior
1471 1127 1613 1169 miser.

108 1204 323 1244 Innocens
354 1201 642 1259 suspicionem
673 1204 782 1246 hanc
811 1203 993 1252 sustinet
1025 1205 1145 1244 cansa
1173 1219 1282 1248 mea.

112 1279 203 1319 Pu.
237 1279 345 1325 Alii,
387 1278 528 1331 Lyde,
577 1293 694 1320 nnuc
735 1278 831 1319 sunt
873 1294 1028 1320 mores.
1088 1282 1176 1323 LY·
1209 1281 1257 1321 111
1297 1279 1501 1335 equidem
1541 1288 1641 1336 ego·

995 1367 1112 1396 certo
1145 1356 1244 1396 scio.

113 1430 227 1471 Nam
257 1430 361 1471 olim
394 1432 545 1485 populi
573 1434 692 1486 prius
724 1433 935 1472 honorem
968 1432 1163 1486 capiebat
1189 1430 1416 1489 suffragio,

116 1505 261 1560 Quam
290 1507 488 1562 magistro
517 1508 734 1547 desinebat
765 1507 845 1547 ess'e
875 1507 991 1548 dicto
1022 1507 1244 1548 obediens.
1571 1524 1619 1560 35

117 1580 171 1621 At
196 1594 314 1622 nunc
341 1584 457 1636 prius
482 1596 610 1637 quam
644 1583 892 1638 septuennis
920 1581 988 1628 est,
1025 1583 1050 1621 fi
1078 1583 1272 1637 adtingas
1301 1596 1401 1624 eum
1423 1597 1569 1631 manu,

89 1642 350 1712 ‘Extemplo
382 1673 487 1714 puer
518 1659 764 1715 paedagogo
796 1659 939 1699 tabula
972 1658 1184 1712 dirumpit
1215 1669 1358 1714 caput.

123 1732 273 1785 Quum
303 1744 471 1787 patrem
501 1735 625 1775 adeas
650 1735 925 1790 postulatum,
959 1749 1091 1793 puero
1125 1734 1177 1774 lic
1202 1734 1311 1774 dicit
1338 1745 1479 1788 patei-z

124 1807 275 1848 Noster
306 1809 412 1857 esto,
443 1811 551 1851 dum
579 1821 621 1850 te
648 1813 805 1867 poteris
837 1810 1054 1851 defensare
1084 1811 1257 1850 iniuria.

124 1883 394 1926 Prouocatur
421 1887 717 1947 paedagogae:
749 1889 832 1927 eho
864 1887 989 1927 senex
1022 1887 1199 1930 minimi
1231 1883 1372 1940 pretii,
1578 1888 1633 1934 4⁶

127 1958 202 1999 Ne.
227 1959 423 2016 adtingas
451 1943 638 2016 puerum
669 1962 768 2003 istac
800 1963 934 2008 causa,
968 1962 1139 2016 quando
1173 1960 1275 2001 fecit
1301 1958 1483 1999 strenue.

128 2019 173 2076 lt*
194 2035 390 2090 magister
416 2039 530 2092 quasi
560 2039 734 2080 lucerna
767 2051 897 2080 vncto
928 2037 1146 2092 exspretus
1173 2038 1322 2077 linteo.

129 2112 221 2154 Itur
247 2113 369 2155 illinc
403 2102 495 2153 iure
527 2114 658 2155 dicto.
689 2117 874 2155 hoccine
906 2115 979 2154 hic
1008 2124 1132 2169 pacto
1164 2110 1299 2168 potest
1325 2136 1327 2141 .

88 2198 90 2201 ’
134 2188 342 2230 Inhibere·
367 2189 601 2244 imperinm
630 2190 839 2246 magister,
880 2192 905 2230 si
937 2188 1051 2245 ipsus
1075 2190 1243 2242 primus
1273 2188 1476 2242 vapulet?

138 2265 242 2306 ΜΝ.
262 2264 383 2305 Acris
411 2263 637 2318 postulatio
662 2267 771 2307 haec
792 2265 860 2312 est,
884 2279 1018 2322 quum
1039 2266 1172 2305 huius
1192 2265 1303 2304 dicta
1334 2264 1552 2320 intellego.
1586 2276 1636 2314 45

98 2377 101 2379 .
135 2338 392 2386 mirarum,
421 2342 468 2379 ni
496 2340 747 2383 Pistoclerus
775 2341 944 2395 Lydum
974 2341 1136 2397 pugnis
1166 2338 1380 2381 contudit.

143 2417 234 2458 PH.
264 2416 350 2457 Sed
379 2418 477 2473 quis
518 2417 591 2457 hic
628 2417 704 2464 est,
747 2430 880 2473 quem
910 2415 1144 2457 adstantem
1183 2415 1313 2455 video
1346 2423 1446 2454 ante
1474 2404 1642 2455 ostium.

1023 2493 1109 2533 Lr.
1139 2491 1178 2536 0
1207 2491 1459 2532 Philoxene.
1509 2532 1519 2539 ,

146 2573 249 2615 ΜΝ.
282 2571 398 2611 Deos
428 2570 642 2625 propitios
668 2582 739 2609 me
765 2569 930 2616 videre,
961 2581 1090 2623 quam
1117 2567 1239 2607 illum
1265 2566 1495 2606 mauellem
1521 2564 1647 2603 mihi.

150 2651 240 2691 PH.
255 2647 364 2702 Quis
384 2648 476 2687 illic
495 2645 580 2685 est?
613 2647 699 2686 Ly.
714 2643 1014 2688 Mnesilochus,
1028 2643 1147 2697 gnati
1161 2644 1227 2682 tui
1248 2640 1398 2683 sodalis
1411 2632 1650 2681 Pistocler‘iz

149 2723 282 2765 Haud
297 2722 507 2764 consimili
523 2722 700 2779 ingenio
718 2732 847 2779 atque
862 2721 936 2762 ille
952 2718 1022 2768 est,
1033 2721 1108 2777 qui
1127 2720 1175 2759 in
1190 2718 1382 2774 lupanari
1397 2715 1594 2759 adcubat.
1601 2724 1652 2766 50
