1742 2924
275 137 284 154 ἱ

168 248 263 291 270
623 228 629 232 ’
690 245 1158 285 crs-rannulfi

160 356 255 411 Ego
282 353 533 410 inspectaui.
564 354 690 394 herus
718 354 831 395 hanc
862 351 984 396 duxi't‘
1013 357 1182 412 postibi.

158 432 267 485 Eam
297 443 416 473 nunc
441 431 654 485 puellam,
684 429 818 470 filiam
846 431 963 477 eius,
1002 434 1264 488 quaerimus.

159 507 284 563 Quid
304 519 426 547 nunc
453 505 607 561 supina
636 505 799 546 sursum
829 507 878 545 in
907 506 1080 546 coelum
1110 507 1356 562 conspicis?
1390 530 1408 533 -

158 585 255 624 ME.
289 584 309 621 1
336 594 455 621 nunc
485 582 572 621 iam
603 580 710 622 istuc
742 591 830 637 quo
858 581 1139 636 properabas,
1171 585 1284 623 nihil
1310 599 1471 629 moror.

155 659 288 699 Nunc
317 657 522 698 intellexi.
582 657 676 697 LA.
707 656 803 695 Diis
832 657 978 696 hercle
1013 657 1154 698 habeo
1181 662 1387 714 gratiam:
1610 678 1665 716 80

154 735 268 775 Nam
297 735 345 772 ni
375 733 624 777 intellexes‚
657 744 898 786 numquam
929 733 1055 773 credo
1084 736 1315 776 amitteres.

154 803 416 852 MEJNunc
444 808 555 848 mihi
584 807 723 847 bonae
753 806 1014 848 neceffum’st
1042 808 1123 849 effe
1154 812 1365 865 ingratiis,

153 885 430 940 Quamquam
465 882 693 924 effenolo.
733 896 835 922 rems
857 884 996 938 palam
1032 884 1112 925 effe
1139 887 1359 943 intellego.

150 961 280 1001 Nunc
310 967 483 1014 egomet
507 959 653 1013 potius
682 958 795 998 hanc
825 958 946 998 inibo
979 961 1157 1014 gratiam

148 1036 214 1077 Ab
245 1035 353 1082 illis,
395 1046 525 1089 quam
557 1034 680 1072 illaec
712 1032 877 1074 indicet
908 1047 993 1073 me.
1028 1035 1100 1076 ibo
1127 1036 1324 1085 domum,
1604 1052 1657 1092 35

146 1112 289 1167 Atque
317 1109 379 1166 ad(
401 1117 597 1165 parentes
623 1109 782 1150 reduco
815 1109 1041 1151 Silenium.
1476 1116 1478 1118 ’

652 1255 983 1295 ACTVS
1052 1257 1148 1296 111.

336 1330 636 1394 n'lfiLAENIS,
682 1355 1141 1397 ALCES1MARCHVS,
1185 1356 1461 1391 SILENIVM.

160 1448 162 1450 ’
197 1444 308 1484 Rem
335 1443 539 1497 eloquuta
562 1438 654 1480 sum
682 1441 762 1480 tibi
784 1454 983 1490 omnem:
1018 1440 1191 1497 sequere
1210 1456 1296 1489 me,
1309 1458 1402 1485 mea
1426 1426 1653 1496 Silenium,

139 1521 195 1561 Vt
223 1531 389 1564 eorum,
426 1517 605 1573 quoiam
638 1515 716 1555 effe
749 1525 918 1570 oportet
948 1525 1004 1562 te,
1032 1517 1081 1556 fis
1114 1518 1262 1572 potius
1300 1532 1429 1573 quam
1461 1536 1571 1564 mea.

140 1594 415 1648 Quamquam
443 1592 583 1631 inuita
610 1599 652 1630 te
681 1591 847 1636 carebo,
881 1592 1081 1631 animum
1114 1605 1191 1647 ego
1223 1593 1427 1634 inducam
1453 1606 1612 1646 tamen,

137 1669 192 1708 Vt
222 1669 354 1716 illud,
390 1667 509 1723 quod
523 1678 653 1722 ‚tuam
680 1668 726 1705 in
756 1680 849 1706 rem
872 1667 984 1707 bene
1006 1666 1233 1713 conducat,
1267 1669 1499 1712 consulam.

135 1744 249 1784 Nam
280 1743 356 1785 hic
387 1743 624 1797 crepundia
657 1740 827 1788 insunt,
862 1743 1121 1798 quibuscum
1162 1754 1204 1783 te
1242 1744 1312 1785 illa
1350 1746 1455 1786 olim
1487 1748 1541 1788 ad
1575 1763 1679 1790 me„

1012 1813 1181 1859 detulit,
1625 1835 1647 1872 5

137 1891 259 1945 Quae
294 1889 405 1927 mihi
436 1886 582 1933 dedit,
615 1898 811 1942 parentes
844 1898 886 1927 te
914 1897 963 1927 vt
995 1888 1255 1943 cognoscant
1282 1886 1466 1930 facilius.

134 1965 296 2020 Adcipe
317 1965 430 2004 hanc
451 1962 666 2008 cistellam,
692 1962 873 2010 Halisca,
897 1973 1025 2018 atque
1047 1962 1230 2018 agedum
1255 1964 1373 2016 pulta
1398 1965 1490 2005 illas
1517 1965 1642 2009 fores.

88 2062 91 2065 ·
132 2041 215 2081 Dic
243 2053 315 2080 me
344 2052 477 2085 orare,
506 2047 553 2076 vt
585 2039 738 2092 aliquis
770 2039 888 2076 intus
914 2039 1096 2092 prodeat
1122 2051 1303 2092 propere
1335 2040 1470 2080 ocius.

135 2120 219 2157 AL.
241 2115 403 2168 Recipe
434 2126 505 2153 me
537 2112 590 2151 ad
612 2121 668 2159 te,
689 2113 824 2160 Mors,
854 2109 1044 2154 amicum
1068 2122 1111 2153 et
1138 2114 1414 2155 benevolum.
1465 2119 1529 2157 δι.
1553 2117 1646 2157 Ma-

1017 2192 1081 2222 ter
1111 2195 1221 2227 mea,

129 2260 329 2300 Perimus
358 2257 556 2298 miserae!
610 2262 693 2299 AL.
728 2260 883 2300 Vtrum
914 2259 996 2298 hac
1033 2269 1105 2296 me
1135 2256 1298 2305 feriam,
1339 2274 1393 2300 an
1431 2261 1483 2300 ab
1516 2263 1643 2302 laeua

1015 2325 1157 2365 latus?
1222 2343 1228 2355 x
1278 2353 1282 2358 ι
1588 2347 1641 2375 10

128 2407 226 2446 ME.
255 2403 376 2460 Quid
405 2404 488 2443 tibi
509 2401 596 2443 est?
622 2391 707 2443 Λδι.
735 2388 1096 2443 Alcesimarchum
1119 2395 1209 2439 nbn
1241 2398 1362 2440 vides
1387 2400 1546 2443 ferrum
1579 2414 1640 2446 te-

964 2496 967 2502 s
1013 2470 1226 2510 nentem?

128 2539 402 2604 AL.'Ecquid
431 2547 555 2604 agis?
596 2548 831 2590 remorare!
871 2550 1024 2588 lumen
1054 2545 1226 2600 linque!
1275 2547 1339 2586 31.
1360 2547 1540 2596 Amabo,
1566 2549 1636 2590 ad-

1007 2627 1178 2662 currite,

122 2696 190 2735 Ne
227 2695 268 2735 se
296 2695 528 2745 interimat.
589 2697 673 2736 AL.
708 2693 744 2734 Ο
776 2692 908 2734 salute
936 2705 1033 2732 mea
1060 2691 1170 2731 salus
1203 2691 1425 2738 salubrior,
1471 2705 1477 2713 “

123 2772 197 2810 Tu
221 2782 372 2824 nunc,
401 2772 431 2810 fi
460 2781 541 2825 ego
572 2770 675 2811 volo
703 2767 776 2810 seu
802 2770 928 2817 nolo,
962 2766 1050 2809 sola
1076 2780 1148 2808 me
1177 2776 1225 2808 vt
1255 2769 1406 2809 viuam
1433 2766 1551 2809 facia.
