1742 2924
473 171 651 228 ‘Servs
675 174 759 224 m.
812 187 974 225 semu
999 173 1075 224 m
1091 201 1124 212 -
1150 176 1214 225 V.
1495 192 1552 237 33
1568 195 1587 228 ι

99 299 209 345 Nam
237 299 324 341 iam
355 296 538 339 domum
565 297 654 344 ibo,
685 305 812 352 atque
839 294 1000 352 'aliquid
1031 295 1266 352 subripiam
1296 303 1422 354 patri.

100 374 153 416 Id
177 372 243 414 isti
270 373 403 414 dabo:
444 386 525 428 ego
553 371 683 412 istanc
709 372 859 413 multis
884 369 1059 412 vleiscar
1090 373 1256 421 modis;

10 450 15 453 ’
99 448 220 490 Adeo
245 461 324 504 ego
352 448 470 488 illam
496 459 650 502 cogam
679 460 831 502 voque,
859 457 908 487 vt
935 446 1157 488 mendicet
1182 460 1305 489 meus
1333 460 1463 505 pater.
1543 465 1592 493 ιο

101 522 187 563 Sed
214 522 334 564 ratin’
361 535 441 578 ego
470 523 664 562 animum
692 531 840 562 mente
867 520 1019 562 fincera
1053 522 1188 577 gero?

103 597 195 652 Qui
226 597 279 638 ad
308 599 429 638 hunc
455 596 636 638 modum
661 596 768 636 haec
794 597 883 643 hic,
927 609 1035 652 quae
1063 595 1218 641 futura,
1256 594 1456 639 fabulor?

101 673 212 714 Amo
238 673 395 720 hercle,
424 674 592 728 opinor,
622 682 773 727 vtpote
803 671 924 727 quod
953 685 1032 728 pro
1062 682 1178 713 certo
1200 671 1353 713 sciam.

103 746 263 789 Verum
288 760 418 806 quam
446 748 518 787 illa
545 761 752 804 vmquam
783 748 837 788 de
859 761 952 789 mea
984 743 1166 809 pecunia

102 823 311 864 Ramenta
338 821 413 863 fiat
440 823 610 878 plumea
643 824 903 880 propenfior,
1546 839 1592 876 15

102 896 357 938 Mendicum
386 899 534 939 malim
567 898 857 939 mendicando
885 899 1074 938 vincere.

43 1009 45 1011 .
101 970 354 1028 Numquam
383 972 537 1029 edepol
566 974 667 1012 vina
696 985 767 1012 me
796 971 1014 1011 inridebit.
1049 984 1147 1011 nam
1174 975 1286 1015 mihi

102 1032 337 1087 Decreturri
366 1047 423 1087 est
449 1060 719 1087 renumerare
747 1049 831 1086 iam
863 1059 992 1087 omne
1023 1059 1170 1087 aurum
1198 1052 1320 1102 patri,

103 1121 239 1176 igitur
266 1123 378 1163 mihi
412 1123 532 1162 inani
559 1130 687 1177 atque
719 1122 840 1176 inopi
874 1120 1242 1166 subblandibitur:

106 1197 239 1243 Tum,
266 1212 401 1254 quum
429 1210 523 1238 mea
555 1195 662 1235 illud
691 1196 830 1236 nihilo
866 1196 999 1252 pluris
1031 1195 1198 1242 referet,
1550 1220 1599 1246 ,ο

107 1271 251 1324 Quam
280 1272 308 1311 fi
333 1272 388 1312 ad
414 1273 655 1327 sepulcrum
684 1282 856 1312 mortuo
885 1270 1001 1310 dicat
1030 1271 1192 1313 iocum.

104 1347 200 1410 8(εείΊ
217 1357 445 1404 antequam
480 1349 551 1387 illa
577 1360 784 1401 vmquam
811 1347 919 1387 meis
948 1347 1182 1400 opulentiis

0 1444 1 1453 κ
27 1451 29 1456 2
102 1421 315 1465 Ramenta
343 1421 418 1462 fiat
445 1423 630 1478 grauior,
668 1433 740 1463 aut
767 1423 1026 1479 propensior,

103 1495 221 1537 Mori
252 1510 325 1537 me
352 1498 500 1538 malim
530 1500 819 1540 excruciatum
849 1498 1011 1554 inopia.

43 1567 45 1571 ’
104 1569 307 1612 Profecto
333 1570 572 1619 stabilerest,
600 1587 672 1616 me
701 1574 810 1629 patri
839 1585 988 1614 aurum
1019 1574 1208 1616 reddere.
1556 1600 1602 1627 ,ς

105 1644 268 1685 Eadem
297 1648 493 1693 exorabo,
519 1647 722 1702 Chrysalo
756 1646 877 1689 causa
908 1661 1005 1688 mea
1583 1631 1591 1636 ν

106 1721 232 1761 Pater
257 1733 314 1760 ne
341 1730 515 1762 noceat:
547 1735 633 1764 neu
662 1723 768 1779 quid
796 1724 836 1763 ei
865 1720 1113 1764 subcenseat

27 1823 44 1851 Α,
104 1793 207 1836 Mea
235 1793 359 1836 causa
389 1795 446 1837 de
473 1808 594 1842 auro,
624 1797 744 1854 quod
774 1811 878 1839 eum
907 1796 1150 1838 ludificatus
1177 1797 1247 1839 est.

103 1870 222 1932 Nam
252 1871 319 1911 illi
345 1883 528 1925 aequom
558 1871 615 1912 est
641 1886 711 1912 me
742 1872 986 1917 consulere,
1030 1874 1108 1927 qui
1138 1871 1258 1914 causa
1288 1887 1383 1916 mea

18 1925 53 2006 Ξ
108 1943 389 1995 Mendacium
413 1945 539 1988 dixit.
571 1959 653 1988 vos
679 1959 751 1989 me
778 1944 1026 2004 sequimini.
1555 1971 1604 2006 30

405 2184 693 2227 ACTVS
748 2186 847 2228 111.
915 2186 1205 2230 SCENA
1260 2190 1308 2229 V.

625 2307 1077 2340 sz‘rocmznvs.

167 2405 310 2459 Rebus!
338 2408 432 2450 aliis
459 2418 716 2457 anteuortar,
747 2408 947 2457 Bacchis,
975 2426 1087 2467 quae
1118 2413 1296 2453 mandas
1330 2418 1465 2459 mihi:

113 2478 423 2528 Muefflochum
456 2493 505 2525 vt
526 2486 768 2541 requiram,
809 2496 938 2542 atque
968 2497 1017 2528 vt
1051 2502 1152 2528 eum
1182 2502 1357 2530 mecum
1375 2493 1439 2532 ad
1470 2504 1511 2534 te
1544 2499 1610 2537 ad-

983 2556 1137 2596 ducam
1167 2558 1301 2599 [imni.

38 2660 47 2687 :
116 2621 228 2662 Nam
260 2625 367 2666 illud
390 2628 560 2670 animus
588 2644 711 2671 meus
738 2633 933 2675 miratur,
972 2631 1000 2669 fi
1029 2644 1052 2670 a
1080 2644 1150 2671 me
1180 2634 1323 2688 tetigit
1351 2639 1549 2684 numius,

115 2697 236 2754 Quid
258 2712 502 2744 remoratur.
531 2705 620 2751 ibo,
644 2714 689 2745 et
713 2703 847 2746 visam
872 2707 959 2746 huc
978 2706 1030 2746 ad
1052 2721 1166 2755 eum,
1204 2708 1230 2747 fi
1256 2707 1367 2751 forte
1395 2710 1451 2753 est
1476 2713 1611 2755 domi,
