1742 2892
179 192 240 239 52
699 167 1132 221 ‘Ammimnvoms

178 302 248 344 So.
271 297 531 354 Amphitruo
549 306 594 334 es
619 292 841 349 profecto:
874 304 979 333 caue
1000 292 1049 332 fis
1072 304 1128 332 ne
1150 302 1199 331 tu
1214 301 1257 331 te
1278 292 1357 333 vsu
1374 293 1572 348 perduis:
1603 281 1689 347 εἰς
1732 276 1742 318 μ’·

177 381 243 430 Ita
271 387 391 417 nunc
408 371 619 413 homines*
638 371 920 414 humatarum,
957 367 1182 422 postquam
1213 382 1386 424 peregre
1409 370 1684 412 aduenimus.
1734 373 1742 404 ἒ

174 457 267 498 ΛΜ.
294 451 470 495 Mulier,
499 445 619 485 istam
644 457 738 484 rem
758 444 1006 498 inquisitam
1025 453 1190 482 certum
1212 442 1268 483 est
1297 457 1388 486 non
1419 447 1627 487 amittere,

174 534 256 574 AL·
277 525 446 581 Edepol
470 536 541 562 me
557 521 720 560 libente
741 518 884 559 facies.
937 522 1027 559 Am.
1053 518 1174 572 Quid
1198 519 1294 559 ais?
1322 521 1532 575 responde
1557 523 1689 563 mihi.

175 603 300 662 Quid
328 603 355 642 [ἱ
384 598 551 640 adduco
587 605 714 635 tuum
736 605 969 649 cognatum
1000 595 1088 635 huc
1123 609 1146 634 a
1177 597 1282 635 naui
1301 596 1574 645 Naucratem,

176 681 269 739 Qui
289 689 464 720 mecum
487 684 573 712 vna
597 680 750 709 vectus
779 668 836 708 est
857 682 943 708 vna
967 671 1094 710 naui:
1126 681 1254 726 atque
1276 673 1312 712 is
1337 673 1364 711 fi
1393 665 1576 728 denegat
1604 690 1687 719 220

174 755 319 801 Facta,
354 763 463 808 quae
489 758 538 789 tu
559 745 670 786 facta
699 745 822 791 dicis,
853 745 961 799 quid
991 746 1076 785 tibi
1103 758 1294 801 aequum
1324 748 1380 787 est
1405 748 1531 790 fieri?
1656 730 1660 734 .

173 827 406 886 Numquid
432 821 601 865 causam
628 822 760 867 dicis,
796 821 904 876 quin
932 831 973 860 te
1004 820 1090 861 hoc
1123 824 1331 863 mulctem
1368 826 1685 867 matrimonio?

110 924 121 931 ,
172 914 255 955 AL·
291 908 338 947 Si
361 900 538 958 deliqui,
561 899 678 939 nulla
702 895 826 938 causa
850 895 920 935 est.
981 899 1069 937 AM.
1087 896 1321 940 Conuenit.
1353 910 1414 946 tu,
1447 888 1574 946 Srofia,

173 986 273 1030 Duc
297 984 379 1023 hos
406 981 534 1018 intro.
566 987 646 1028 ego
667 974 754 1012 huc
775 973 827 1011 ab
850 971 955 1010 naui
982 984 1154 1011 mecum
1174 974 1385 1015 adducam
1411 947 1686 1017 Naucratemt
1713 992 1715 996 ¹

176 1065 246 1105 So.
277 1060 410 1100 Nunc
445 1050 625 1109 quidem
663 1058 831 1104 praeter
861 1060 940 1087 nos
980 1059 1110 1087 nemo
1150 1047 1230 1088 est:
1279 1049 1352 1090 dic
1385 1051 1498 1091 mihi
1534 1064 1687 1093 verum

672 1186 675 1189 ῃ
1077 1116 1201 1165 serio,
1267 1129 1269 1131 ·
1336 1105 1339 1113 ²
1605 1103 1686 1174 §.25

171 1204 337 1265 Ecquis
364 1203 473 1242 alius
504 1198 618 1239 Sofia
647 1197 746 1236 intu
771 1193 839 1240 'st‚
875 1192 951 1247 qui
980 1193 1071 1233 mei
1096 1193 1242 1234 similis
1274 1194 1382 1234 fiet?

172 1286 256 1330 AL·
269 1281 395 1323 Abin'
413 1275 520 1318 hinc
541 1288 562 1314 a
580 1286 651 1312 me
675 1271 832 1326 dignus
855 1268 1034 1309 domino
1057 1266 1219 1309 seruus.
1257 1271 1322 1310 So.
1342 1269 1474 1316 Abeo,
1494 1269 1521 1310 fi
1542 1271 1685 1313 iubes,

172 1364 256 1405 AL·
284 1355 429 1398 Nimis
452 1349 608 1392 ecastor
634 1346 804 1386 facinus
833 1346 997 1385 mirum
1025 1343 1093 1391 est,
1121 1346 1195 1400 qui
1222 1345 1287 1384 illi
1318 1346 1580 1387 conlibitum
1614 1348 1689 1391 fiet

173 1437 280 1477 Meo
310 1433 404 1472 viro
421 1459 433 1476 ,
465 1428 518 1467 fic
545 1438 617 1464 me
648 1422 877 1463 infimi-lare
906 1419 1060 1461 falsum
1087 1418 1259 1462 facinus
1282 1430 1369 1463 tam
1396 1425 1575 1463 malum.
1626 1422 1628 1424 ’

176 1507 406 1568 Quidquid
422 1502 491 1551 est,
513 1504 600 1541 iam
621 1510 672 1539 ex
684 1498 899 1538 Naucrate
917 1507 1101 1551 cognato
1125 1497 1172 1536 id
1192 1495 1450 1552 cognoscam
1470 1512 1585 1541 meo.
1605 1515 1689 1552 230

1592 1573 1617 1597 0¹-

542 1681 790 1729 ACTVS
830 1685 921 1725 111.
989 1681 1243 1725 SCENA
1283 1685 1317 1725 Ι.

785 1796 1072 1827 IVPITER.

231 1889 326 1947 Ego
359 1885 449 1928 sum
477 1882 549 1926 ine
577 1882 863 1938 Amphitruo,
894 1881 966 1920 cui
994 1879 1050 1919 est
1079 1878 1227 1920 seruus
1256 1880 1384 1928 Sofia,

174 1967 298 2012 Idem
328 1963 573 2005 Mercurius
603 1959 680 2014 qui
710 1957 786 2004 fit,
818 1955 991 2012 quando
1023 1957 1305 1997 commodum
1324 1955 1382 1995 'st.

173 2047 226 2086 In
253 2039 470 2098 superiore
501 2037 578 2093 qui
605 2034 757 2074 habito
789 2033 1052 2072 coenaculo:
1250 2030 1258 2036 “

174 2119 267 2176 Qui
301 2115 519 2157 interdum
548 2109 610 2151 fio
640 2109 819 2164 Iupiter,
850 2107 1024 2162 quando
1056 2105 1187 2146 lubet.

171 2197 274 2242 Huc
300 2202 446 2233 autem
474 2201 609 2244 quom
639 2185 851 2239 extemplo
884 2183 1122 2222 aduentum
1153 2180 1359 2235 adporto,
1388 2179 1507 2224 illico
1659 2198 1681 2238 3

107 2301 110 2303 -
172 2269 432 2324 Amphitruo
460 2262 544 2309 fio,
588 2270 631 2301 et
658 2259 860 2299 vestitum
888 2258 1060 2297 imnuto
1084 2269 1254 2300 meum.

170 2346 304 2387 Nunc
334 2343 422 2381 huc
451 2333 630 2377 honoris
659 2334 784 2374 vestri
813 2335 945 2373 venio
975 2334 1122 2388 gratia,

170 2421 239 2461 Ne
267 2420 382 2458 hanc
410 2415 657 2454 inchoatam
688 2411 923 2465 transigam
953 2406 1262 2454 Comoediam;

161 2493 316 2537 [Simul
346 2491 631 2532 Alcumenae,
660 2500 790 2542 quam
815 2485 883 2525 vir
915 2483 1133 2523 insontem
1160 2478 1308 2538 probri

169 2570 431 2625 Amphitruo
460 2563 655 2611 adcusat,
687 2562 813 2608 veni,
845 2571 892 2600 vt
923 2558 1131 2599 auxilium
1161 2557 1322 2598 feram:
1618 2571 1682 2607 ‚10

168 2646 282 2687 Nam
313 2652 411 2685 mea
445 2641 492 2680 sit
520 2640 668 2693 culpa,
704 2635 823 2692 quod
854 2645 1027 2690 egomet
1055 2633 1351 2680 contraxerim,
1444 2625 1448 2627 ’

171 2719 217 2762 si
245 2719 291 2760 id
321 2719 583 2762 Alcumenae
617 2712 844 2755 innocenti
871 2718 1052 2765 expetat.
1308 2699 1311 2701 ’
