1742 2924
177 136 272 185 834
766 139 1103 176 Tnmvmm

174 249 252 289 Me
282 243 474 293 seruaui,
504 244 643 287 saluos
667 243 802 286 redii:
834 260 956 286 nunc
980 243 1055 287 hic
1084 240 1263 304 disperii
1291 246 1435 297 miser,

175 325 360 378 Propter
390 312 590 369 eosdem,
621 336 809 377 quorum
839 321 963 364 causa
1001 322 1066 364 fui
1095 325 1177 365 hac
1205 335 1341 366 aetate
1372 326 1600 371 exercitus.

174 396 343 441 Adimit
373 394 564 442 animam
586 395 697 438 mihi
718 396 959 454 aegritudo.
989 399 1177 447 Stafime,
1202 412 1303 443 tene
1332 417 1418 444 me.
1464 406 1534 446 Sr.
1554 405 1686 449 Visne

984 481 1005 508 a
1037 481 1141 508 uam

135 542 140 546 '
173 535 278 580 Tibi
305 537 484 593 petam?
527 537 612 579 CH.
643 536 729 577 Res
759 549 893 591 quom
921 482 1118 578 anir‘xlmm
1144 539 1309 595 agebat,
1334 553 1428 585 tum
1457 543 1537 586 efl'e
1561 545 1685 586 obfu-

985 605 1074 647 sam
1102 608 1306 663 oportuit.
1627 621 1648 658 8
1655 628 1678 667 ς

500 756 892 798 ACTvs1v.
961 758 1215 809 &CENA
1270 763 1347 803 1v.

325 849 689 891 CALLICLES,
751 850 1153 894 CHARMIDES,
1207 855 1530 890 STASIMVS.

227 932 347 991 Quid
374 937 461 975 hoc
486 932 561 974 hic
590 934 790 976 clamoris
820 935 951 976 audio
981 947 1080 977 ante
1108 936 1224 980 aedis
1254 941 1404 982 meas?
1470 952 1473 961 ²

175 1012 261 1052 GH.
294 1011 332 1052 O
363 1009 586 1052 Callicles!
634 1023 659 1050 o
687 1008 908 1052 Callicles!
953 1024 978 1050 o
1009 1010 1230 1055 Callicles!

168 1085 358 1143 Qualine
384 1085 523 1127 amico
553 1099 648 1126 mea
682 1083 986 1126 commendaui
1017 1084 1154 1127 bona!

170 1166 255 1206 CA.
286 1164 429 1205 Probo
460 1175 502 1204 et
534 1158 650 1203 fideli
687 1170 729 1201 et
757 1160 866 1207 fido,
907 1171 950 1201 et
978 1176 1078 1203 cum
1101 1177 1257 1220 magna
1283 1164 1394 1221 firde3

163 1240 222 1280 Et
250 1238 387 1284 salue,
414 1249 456 1279 et
487 1237 654 1278 saluom
684 1247 727 1277 te
756 1234 973 1277 adueniss'e
1003 1239 1185 1293 gaudeo.
1651 1261 1675 1299 ς
1732 1234 1742 1264 4

168 1315 255 1355 CH.
287 1312 431 1354 Credo
461 1311 607 1354 omnia
638 1310 787 1361 istaec,
823 1315 850 1353 fi
879 1311 1008 1359 ita’st‚
1046 1323 1094 1352 vt
1121 1315 1353 1369 praedicas.
1739 1357 1742 1363 ,

165 1389 251 1431 Sed
271 1388 367 1446 quis
391 1387 465 1430 iste
486 1387 542 1430 est
560 1400 660 1431 tuus
678 1388 886 1430 ornatus?
921 1391 1009 1433 CA.
1033 1393 1111 1441 (ad
1133 1406 1278 1432 aurem
1299 1387 1559 1453 insusurrat)
1579 1395 1676 1452 Ego
1733 1391 1742 1422 ἶ

974 1456 1117 1498 dicam
1147 1458 1241 1500 tibi.

162 1528 437 1571 Thesaurum
467 1527 727 1570 effodiebam
757 1525 1100 1572 intus,·dotem‚
1127 1526 1243 1568 filiae

163 1608 285 1648 Tuae
317 1620 428 1663 quae
460 1606 644 1646 daretur.
679 1603 751 1646 sed
779 1601 897 1643 intus
929 1601 1111 1642 narrabo
1140 1601 1223 1643 tibi

162 1683 220 1723 Et
235 1682 321 1723 hoc
338 1690 381 1721 et
397 1677 500 1721 alia·
527 1679 718 1737 sequere.
751 1679 834 1719 Cn.
849 1676 1045 1718 Stafime!
1077 1680 1145 1720 sr.
1160 1678 1296 1720 Hem!
1323 1680 1405 1722 Cn.
1423 1682 1604 1727 Strenue
1624 1699 1674 1729 ιο

163 1759 300 1801 Curre
326 1757 373 1798 in
398 1755 640 1802 Piraeeum,
668 1765 796 1810 atque
827 1767 966 1794 vnum
995 1753 1259 1797 curriculum
1286 1755 1394 1800 face.

1732 1742 1742 1803 «mt-
1722 1523 1742 1726 *AM-auf.
1735 1485 1742 1492 .

160 1834 337 1877 Videbis
369 1834 454 1876 iam
485 1831 574 1874 illic
604 1845 783 1879 nauem,
816 1844 898 1885 qua
931 1830 1101 1873 aduecti
1132 1832 1296 1873 sumus.

161 1912 312 1952 Iubeto
344 1907 677 1965 Sangarionem,
709 1921 819 1964 quae
848 1905 1169 1963 imperauerim,

162 1987 348 2034 Curare,
382 1996 431 2026 vt
465 1984 719 2027 efferantur<
764 1995 806 2026 et
834 1996 882 2026 tu
915 1982 976 2025 ito
1009 1986 1146 2025 fimul.

161 2061 411 2105 Solutum'st
441 2057 641 2116 portitori
673 2056 760 2099 iarn
792 2060 1048 2114 portorium.
1364 2042 1397 2064 ’ἲ
1617 2080 1666 2118 15
1722 2040 1737 2069 η

167 2141 240 2182 sr.
272 2136 395 2180 Nihil
421 2136 478 2177 est
507 2136 686 2177 morae?
746 2136 832 2176 Gn.
863 2134 997 2182 Nihil,
1030 2135 1223 2178 ambula!
1256 2145 1451 2178 actutum
1476 2136 1584 2180 redi.

169 2217 242 2257 Sr.
271 2213 364 2256 lllic
390 2213 484 2254 sum
510 2223 637 2267 atque
656 2209 729 2253 hic
760 2211 868 2253 sum.
930 2211 1015 2251 CH.
1049 2209 1235 2264 Sequere
1262 2220 1311 2253 tu
1333 2214 1416 2253 hac
1444 2229 1515 2255 me
1536 2212 1664 2258 intro.

972 2280 1056 2319 CH.
1090 2279 1269 2334 Sequor.
1316 2283 1493 2332 (abeunt
1501 2266 1722 2345 fines)

166 2362 244 2402 Sr.
281 2358 367 2401 Hic
397 2372 496 2400 meo
524 2360 630 2401 hero
661 2354 826 2400 amicus
855 2355 966 2396 [olus
996 2353 1144 2395 firmus
1178 2354 1342 2404 restitit,

155 2437 313 2490 Neque
342 2432 586 2476 demutauit
615 2431 811 2474 animum
843 2429 896 2470 de
925 2428 1045 2469 firma
1078 2428 1174 2470 fide.
1718 2430 1742 2504 »4

158 2514 435 2568 Quamquam
472 2511 642 2550 labores
677 2509 838 2550 multos
875 2500 996 2564 (ipse
1027 2503 1231 2556 pertuli),
1610 2523 1662 2552 20
1719 2494 1731 2559 J

157 2588 243 2628 Sed
271 2583 346 2627 hic
374 2597 511 2630 vnus.
539 2595 588 2625 vt
618 2597 697 2639 ego
727 2580 939 2638 suspicor,
973 2578 1108 2619 seruat
1138 2577 1285 2619 fidem.

157 2662 225 2703 Ob
252 2675 347 2702 rem
374 2659 565 2701 laborem
592 2672 694 2701 eum
724 2670 806 2713 ego
835 2656 987 2712 cepiffe
1019 2655 1185 2698 censeo.
