<?xml version="1.0" encoding="UTF-8"?>
<!DOCTYPE html PUBLIC "-//W3C//DTD XHTML 1.0 Transitional//EN"
    "http://www.w3.org/TR/xhtml1/DTD/xhtml1-transitional.dtd">
<html xmlns="http://www.w3.org/1999/xhtml" xml:lang="en" lang="en">
 <head>
  <title>
</title>
<meta http-equiv="Content-Type" content="text/html;charset=utf-8" />
  <meta name='ocr-system' content='tesseract 3.04.00' />
  <meta name='ocr-capabilities' content='ocr_page ocr_carea ocr_par ocr_line ocrx_word'/>
</head>
<body>
  <div class='ocr_page' id='page_1' title='image "./commentariusperp02plauuoft_0372.png"; bbox 0 0 1742 2924; ppageno 0'>
   <div class='ocr_carea' id='block_1_1' title="bbox 947 78 969 96">
    <p class='ocr_par' dir='ltr' id='par_1_1' title="bbox 947 78 969 96">
     <span class='ocr_line' id='line_1_1' title="bbox 947 78 969 96; baseline 0 -14"><span class='ocrx_word' id='word_1_1' title='bbox 947 78 969 96; x_wconf 55' lang='lat' dir='ltr'>s</span> 
     </span>
    </p>
   </div>
   <div class='ocr_carea' id='block_1_2' title="bbox 221 134 1225 204">
    <p class='ocr_par' dir='ltr' id='par_1_2' title="bbox 221 134 1225 204">
     <span class='ocr_line' id='line_1_2' title="bbox 221 134 1225 204; baseline 0.007 -12"><span class='ocrx_word' id='word_1_2' title='bbox 221 147 363 204; x_wconf 74' lang='lat'><strong>368·</strong></span> <span class='ocrx_word' id='word_1_3' title='bbox 725 134 1225 199; x_wconf 46' lang='lat' dir='ltr'><strong>mosrztta&#39;nun</strong></span> 
     </span>
    </p>
   </div>
   <div class='ocr_carea' id='block_1_3' title="bbox 157 266 1742 2752">
    <p class='ocr_par' dir='ltr' id='par_1_3' title="bbox 157 266 1725 477">
     <span class='ocr_line' id='line_1_3' title="bbox 157 266 1498 329; baseline 0.009 -23"><span class='ocrx_word' id='word_1_4' title='bbox 157 274 164 276; x_wconf 43' lang='lat'><em>*</em></span> <span class='ocrx_word' id='word_1_5' title='bbox 216 269 387 310; x_wconf 88' lang='lat' dir='ltr'><strong>Morem</strong></span> <span class='ocrx_word' id='word_1_6' title='bbox 417 266 648 320; x_wconf 73' lang='lat' dir='ltr'>praecipue</span> <span class='ocrx_word' id='word_1_7' title='bbox 672 266 727 318; x_wconf 71' lang='lat' dir='ltr'><strong>sic</strong></span> <span class='ocrx_word' id='word_1_8' title='bbox 753 270 898 323; x_wconf 82' lang='lat' dir='ltr'><strong>geras,</strong></span> <span class='ocrx_word' id='word_1_9' title='bbox 933 278 1058 325; x_wconf 86' lang='lat' dir='ltr'><strong>atque</strong></span> <span class='ocrx_word' id='word_1_10' title='bbox 1087 272 1194 312; x_wconf 92' lang='lat' dir='ltr'><strong>alios</strong></span> <span class='ocrx_word' id='word_1_11' title='bbox 1221 271 1498 329; x_wconf 83' lang='lat' dir='ltr'><strong>adspemeris.</strong></span> 
     </span>
     <span class='ocr_line' id='line_1_4' title="bbox 214 344 1667 394; baseline 0.009 -12"><span class='ocrx_word' id='word_1_12' title='bbox 214 344 456 388; x_wconf 86' lang='lat' dir='ltr'>Matronae,</span> <span class='ocrx_word' id='word_1_13' title='bbox 486 356 576 384; x_wconf 89' lang='lat' dir='ltr'><strong>non</strong></span> <span class='ocrx_word' id='word_1_14' title='bbox 603 346 898 387; x_wconf 87' lang='lat' dir='ltr'><strong>meretricium</strong></span> <span class='ocrx_word' id='word_1_15' title='bbox 930 346 1001 394; x_wconf 87' lang='lat' dir='ltr'><strong>est,</strong></span> <span class='ocrx_word' id='word_1_16' title='bbox 1030 362 1168 388; x_wconf 86' lang='lat' dir='ltr'><strong>vnum</strong></span> <span class='ocrx_word' id='word_1_17' title='bbox 1195 348 1404 392; x_wconf 68' lang='lat' dir='ltr'><strong>inseruire</strong></span> <span class='ocrx_word' id='word_1_18' title='bbox 1435 345 1667 394; x_wconf 75' lang='lat' dir='ltr'><strong>amantem.</strong></span> 
     </span>
     <span class='ocr_line' id='line_1_5' title="bbox 216 418 1725 477; baseline 0.005 -16"><span class='ocrx_word' id='word_1_19' title='bbox 216 422 359 461; x_wconf 64' lang='lat' dir='ltr'><strong>Pan-„2</strong></span> <span class='ocrx_word' id='word_1_20' title='bbox 387 420 470 460; x_wconf 89' lang='lat' dir='ltr'><strong>Pro</strong></span> <span class='ocrx_word' id='word_1_21' title='bbox 501 418 686 473; x_wconf 74' lang='lat' dir='ltr'><strong>Iupiter!</strong></span> <span class='ocrx_word' id='word_1_22' title='bbox 735 433 837 461; x_wconf 90' lang='lat' dir='ltr'><strong>nam</strong></span> <span class='ocrx_word' id='word_1_23' title='bbox 869 423 990 477; x_wconf 89' lang='lat' dir='ltr'><strong>quod</strong></span> <span class='ocrx_word' id='word_1_24' title='bbox 1025 426 1191 465; x_wconf 88' lang='lat' dir='ltr'><strong>malum</strong></span> <span class='ocrx_word' id='word_1_25' title='bbox 1226 425 1420 468; x_wconf 80' lang='lat' dir='ltr'><strong>versatur</strong></span> <span class='ocrx_word' id='word_1_26' title='bbox 1449 429 1584 469; x_wconf 76' lang='lat' dir='ltr'><strong>meae¹</strong></span> <span class='ocrx_word' id='word_1_27' title='bbox 1601 429 1725 471; x_wconf 80' lang='lat' dir='ltr'><strong>domi</strong></span> 
     </span>
    </p>

    <p class='ocr_par' dir='ltr' id='par_1_4' title="bbox 774 490 1546 548">
     <span class='ocr_line' id='line_1_6' title="bbox 774 490 1546 548; baseline 0.006 -10"><span class='ocrx_word' id='word_1_28' title='bbox 774 545 779 548; x_wconf 57' lang='grc'><strong><em>,</em></strong></span> <span class='ocrx_word' id='word_1_29' title='bbox 1118 501 1258 542; x_wconf 67' lang='lat' dir='ltr'><strong>iuna?</strong></span> <span class='ocrx_word' id='word_1_30' title='bbox 1543 490 1546 491; x_wconf 71' lang='grc'>’</span> 
     </span>
    </p>

    <p class='ocr_par' dir='ltr' id='par_1_5' title="bbox 210 571 1722 786">
     <span class='ocr_line' id='line_1_7' title="bbox 210 571 1720 633; baseline 0.006 -21"><span class='ocrx_word' id='word_1_31' title='bbox 210 572 287 612; x_wconf 75' lang='lat' dir='ltr'><strong>Dii</strong></span> <span class='ocrx_word' id='word_1_32' title='bbox 315 571 510 625; x_wconf 75' lang='lat' dir='ltr'><strong>deaeque</strong></span> <span class='ocrx_word' id='word_1_33' title='bbox 539 582 691 611; x_wconf 84' lang='lat' dir='ltr'><strong>omnes</strong></span> <span class='ocrx_word' id='word_1_34' title='bbox 724 584 795 610; x_wconf 91' lang='lat' dir='ltr'><strong>me</strong></span> <span class='ocrx_word' id='word_1_35' title='bbox 831 572 1033 625; x_wconf 83' lang='lat' dir='ltr'><strong>peffumis</strong></span> <span class='ocrx_word' id='word_1_36' title='bbox 1069 579 1277 633; x_wconf 84' lang='lat' dir='ltr'><strong>exemplis</strong></span> <span class='ocrx_word' id='word_1_37' title='bbox 1307 578 1584 627; x_wconf 81' lang='lat' dir='ltr'><strong>interficiant,</strong></span> <span class='ocrx_word' id='word_1_38' title='bbox 1670 592 1720 629; x_wconf 82' lang='lat'><strong>35</strong></span> 
     </span>
     <span class='ocr_line' id='line_1_8' title="bbox 211 647 1634 711; baseline 0.007 -24"><span class='ocrx_word' id='word_1_39' title='bbox 211 647 298 687; x_wconf 69' lang='lat' dir='ltr'><strong>Nisi</strong></span> <span class='ocrx_word' id='word_1_40' title='bbox 327 660 405 701; x_wconf 82' lang='lat' dir='ltr'><strong>ego</strong></span> <span class='ocrx_word' id='word_1_41' title='bbox 432 647 549 686; x_wconf 88' lang='lat' dir='ltr'><strong>illam</strong></span> <span class='ocrx_word' id='word_1_42' title='bbox 578 659 711 686; x_wconf 88' lang='lat' dir='ltr'><strong>anum</strong></span> <span class='ocrx_word' id='word_1_43' title='bbox 746 647 1003 691; x_wconf 85' lang='lat' dir='ltr'><strong>interfecero</strong></span> <span class='ocrx_word' id='word_1_44' title='bbox 1034 652 1096 692; x_wconf 84' lang='lat' dir='ltr'><strong>siti</strong></span> <span class='ocrx_word' id='word_1_45' title='bbox 1129 651 1330 709; x_wconf 88' lang='lat' dir='ltr'><strong>fameque</strong></span> <span class='ocrx_word' id='word_1_46' title='bbox 1359 666 1488 709; x_wconf 88' lang='lat' dir='ltr'><strong>atque</strong></span> <span class='ocrx_word' id='word_1_47' title='bbox 1524 657 1634 711; x_wconf 86' lang='lat' dir='ltr'><strong>algu.</strong></span> 
     </span>
     <span class='ocr_line' id='line_1_9' title="bbox 213 722 1722 786; baseline 0.008 -24"><span class='ocrx_word' id='word_1_48' title='bbox 213 723 305 763; x_wconf 78' lang='lat' dir='ltr'><strong>PH.</strong></span> <span class='ocrx_word' id='word_1_49' title='bbox 332 723 443 763; x_wconf 92' lang='lat' dir='ltr'><strong>Nolo</strong></span> <span class='ocrx_word' id='word_1_50' title='bbox 476 734 554 776; x_wconf 84' lang='lat' dir='ltr'><strong>ego</strong></span> <span class='ocrx_word' id='word_1_51' title='bbox 584 722 696 762; x_wconf 84' lang='lat' dir='ltr'><strong>mihi</strong></span> <span class='ocrx_word' id='word_1_52' title='bbox 724 725 838 764; x_wconf 86' lang='lat' dir='ltr'><strong>male</strong></span> <span class='ocrx_word' id='word_1_53' title='bbox 864 733 929 784; x_wconf 72' lang='lat' dir='ltr'><strong>te,</strong></span> <span class='ocrx_word' id='word_1_54' title='bbox 956 726 1136 782; x_wconf 89' lang='lat' dir='ltr'>Scapha,</span> <span class='ocrx_word' id='word_1_55' title='bbox 1170 733 1430 786; x_wconf 89' lang='lat' dir='ltr'><strong>praecipere.</strong></span> <span class='ocrx_word' id='word_1_56' title='bbox 1472 733 1557 773; x_wconf 32' lang='lat' dir='ltr'><strong>[Sc.</strong></span> <span class='ocrx_word' id='word_1_57' title='bbox 1585 733 1722 774; x_wconf 83' lang='lat' dir='ltr'><strong>Stulta</strong></span> 
     </span>
    </p>

    <p class='ocr_par' dir='ltr' id='par_1_6' title="bbox 185 792 1637 1008">
     <span class='ocr_line' id='line_1_10' title="bbox 185 792 1477 861; baseline 0.002 -17"><span class='ocrx_word' id='word_1_58' title='bbox 185 792 195 794; x_wconf 13' lang='grc' dir='ltr'><strong>ζ</strong></span> <span class='ocrx_word' id='word_1_59' title='bbox 1113 817 1158 846; x_wconf 88' lang='lat' dir='ltr'><strong>es</strong></span> <span class='ocrx_word' id='word_1_60' title='bbox 1191 807 1332 860; x_wconf 85' lang='lat' dir='ltr'><strong>plane,</strong></span> <span class='ocrx_word' id='word_1_61' title='bbox 1365 819 1477 861; x_wconf 87' lang='lat' dir='ltr'><strong>quae</strong></span> 
     </span>
     <span class='ocr_line' id='line_1_11' title="bbox 206 873 1637 933; baseline 0.006 -15"><span class='ocrx_word' id='word_1_62' title='bbox 206 878 331 918; x_wconf 87' lang='lat' dir='ltr'><strong>Illum</strong></span> <span class='ocrx_word' id='word_1_63' title='bbox 359 877 441 916; x_wconf 91' lang='lat' dir='ltr'><strong>tibi</strong></span> <span class='ocrx_word' id='word_1_64' title='bbox 469 887 842 933; x_wconf 64' lang='lat' dir='ltr'><strong>aeternum-putes</strong></span> <span class='ocrx_word' id='word_1_65' title='bbox 874 878 964 920; x_wconf 82' lang='lat' dir='ltr'><strong>fore</strong></span> <span class='ocrx_word' id='word_1_66' title='bbox 989 882 1181 921; x_wconf 85' lang='lat' dir='ltr'><strong>amicum</strong></span> <span class='ocrx_word' id='word_1_67' title='bbox 1212 890 1254 920; x_wconf 92' lang='lat' dir='ltr'><strong>et</strong></span> <span class='ocrx_word' id='word_1_68' title='bbox 1286 873 1637 926; x_wconf 66' lang='lat' dir='ltr'><strong>beneuolentem.</strong></span> 
     </span>
     <span class='ocr_line' id='line_1_12' title="bbox 202 955 1436 1008; baseline 0.003 -14"><span class='ocrx_word' id='word_1_69' title='bbox 202 955 371 994; x_wconf 85' lang='lat' dir='ltr'><strong>Moneo</strong></span> <span class='ocrx_word' id='word_1_70' title='bbox 401 966 481 1008; x_wconf 85' lang='lat' dir='ltr'><strong>ego</strong></span> <span class='ocrx_word' id='word_1_71' title='bbox 510 962 575 994; x_wconf 88' lang='lat' dir='ltr'><strong>te:</strong></span> <span class='ocrx_word' id='word_1_72' title='bbox 616 965 659 995; x_wconf 91' lang='lat' dir='ltr'><strong>te</strong></span> <span class='ocrx_word' id='word_1_73' title='bbox 693 955 855 996; x_wconf 85' lang='lat' dir='ltr'><strong>deseret</strong></span> <span class='ocrx_word' id='word_1_74' title='bbox 885 958 956 998; x_wconf 91' lang='lat' dir='ltr'><strong>ille</strong></span> <span class='ocrx_word' id='word_1_75' title='bbox 985 966 1122 998; x_wconf 85' lang='lat' dir='ltr'><strong>aetate</strong></span> <span class='ocrx_word' id='word_1_76' title='bbox 1154 966 1198 998; x_wconf 88' lang='lat' dir='ltr'><strong>et</strong></span> <span class='ocrx_word' id='word_1_77' title='bbox 1231 955 1436 998; x_wconf 80' lang='lat' dir='ltr'><strong>satietate.</strong></span> 
     </span>
    </p>

    <p class='ocr_par' dir='ltr' id='par_1_7' title="bbox 208 1022 1722 1164">
     <span class='ocr_line' id='line_1_13' title="bbox 208 1022 1722 1091; baseline 0.003 -20"><span class='ocrx_word' id='word_1_78' title='bbox 208 1032 299 1071; x_wconf 75' lang='lat' dir='ltr'><strong>PH.</strong></span> <span class='ocrx_word' id='word_1_79' title='bbox 328 1030 429 1069; x_wconf 87' lang='lat' dir='ltr'><strong>Non</strong></span> <span class='ocrx_word' id='word_1_80' title='bbox 455 1022 593 1085; x_wconf 88' lang='lat' dir='ltr'><strong>spero.</strong></span> <span class='ocrx_word' id='word_1_81' title='bbox 649 1033 723 1073; x_wconf 87' lang='lat' dir='ltr'><strong>Sc.</strong></span> <span class='ocrx_word' id='word_1_82' title='bbox 753 1032 968 1088; x_wconf 82' lang='lat' dir='ltr'><strong>Insperata</strong></span> <span class='ocrx_word' id='word_1_83' title='bbox 993 1032 1202 1073; x_wconf 86' lang='lat' dir='ltr'><strong>adcidunt</strong></span> <span class='ocrx_word' id='word_1_84' title='bbox 1236 1026 1371 1089; x_wconf 82' lang='lat' dir='ltr'><strong>magis</strong></span> <span class='ocrx_word' id='word_1_85' title='bbox 1399 1033 1546 1090; x_wconf 83' lang='lat' dir='ltr'><strong>saepe,</strong></span> <span class='ocrx_word' id='word_1_86' title='bbox 1589 1048 1722 1091; x_wconf 87' lang='lat' dir='ltr'><strong>quam</strong></span> 
     </span>
     <span class='ocr_line' id='line_1_14' title="bbox 1114 1097 1719 1164; baseline 0.003 -15"><span class='ocrx_word' id='word_1_87' title='bbox 1114 1121 1223 1164; x_wconf 87' lang='lat' dir='ltr'><strong>quae</strong></span> <span class='ocrx_word' id='word_1_88' title='bbox 1259 1108 1413 1164; x_wconf 83' lang='lat' dir='ltr'><strong>speres.</strong></span> <span class='ocrx_word' id='word_1_89' title='bbox 1664 1097 1719 1163; x_wconf 32' lang='lat'><strong>⁷40</strong></span> 
     </span>
    </p>

    <p class='ocr_par' dir='ltr' id='par_1_8' title="bbox 199 1180 1721 1318">
     <span class='ocr_line' id='line_1_15' title="bbox 199 1180 1606 1237; baseline 0.005 -17"><span class='ocrx_word' id='word_1_90' title='bbox 199 1180 435 1228; x_wconf 84' lang='lat' dir='ltr'><strong>Postremo,</strong></span> <span class='ocrx_word' id='word_1_91' title='bbox 464 1181 490 1219; x_wconf 84' lang='lat' dir='ltr'><strong>fi</strong></span> <span class='ocrx_word' id='word_1_92' title='bbox 525 1180 653 1221; x_wconf 87' lang='lat' dir='ltr'><strong>dictis</strong></span> <span class='ocrx_word' id='word_1_93' title='bbox 673 1183 829 1237; x_wconf 83' lang='lat' dir='ltr'><strong>nequis</strong></span> <span class='ocrx_word' id='word_1_94' title='bbox 858 1182 1057 1236; x_wconf 81' lang='lat' dir='ltr'><strong>perduci,</strong></span> <span class='ocrx_word' id='word_1_95' title='bbox 1092 1194 1141 1225; x_wconf 88' lang='lat' dir='ltr'><strong>vt</strong></span> <span class='ocrx_word' id='word_1_96' title='bbox 1170 1197 1268 1224; x_wconf 85' lang='lat' dir='ltr'><strong>vera</strong></span> <span class='ocrx_word' id='word_1_97' title='bbox 1303 1186 1411 1225; x_wconf 88' lang='lat' dir='ltr'><strong>haec</strong></span> <span class='ocrx_word' id='word_1_98' title='bbox 1443 1186 1606 1234; x_wconf 60' lang='lat' dir='ltr'><strong>credaei,</strong></span> 
     </span>
     <span class='ocr_line' id='line_1_16' title="bbox 202 1255 1721 1318; baseline 0.003 -21"><span class='ocrx_word' id='word_1_99' title='bbox 202 1258 305 1299; x_wconf 83' lang='lat' dir='ltr'><strong>Mea</strong></span> <span class='ocrx_word' id='word_1_100' title='bbox 335 1258 449 1298; x_wconf 87' lang='lat' dir='ltr'><strong>dicta</strong></span> <span class='ocrx_word' id='word_1_101' title='bbox 486 1270 538 1297; x_wconf 86' lang='lat' dir='ltr'><strong>ex</strong></span> <span class='ocrx_word' id='word_1_102' title='bbox 578 1255 703 1297; x_wconf 80' lang='lat' dir='ltr'><strong>factis</strong></span> <span class='ocrx_word' id='word_1_103' title='bbox 742 1256 894 1305; x_wconf 77' lang='lat' dir='ltr'><strong>nosce:</strong></span> <span class='ocrx_word' id='word_1_104' title='bbox 944 1271 1036 1299; x_wconf 86' lang='lat' dir='ltr'><strong>rem</strong></span> <span class='ocrx_word' id='word_1_105' title='bbox 1071 1258 1220 1307; x_wconf 78' lang='lat' dir='ltr'><strong>vides,</strong></span> <span class='ocrx_word' id='word_1_106' title='bbox 1259 1275 1371 1316; x_wconf 87' lang='lat' dir='ltr'><strong>quae</strong></span> <span class='ocrx_word' id='word_1_107' title='bbox 1399 1263 1498 1310; x_wconf 84' lang='lat' dir='ltr'><strong>fim,</strong></span> <span class='ocrx_word' id='word_1_108' title='bbox 1537 1271 1582 1304; x_wconf 86' lang='lat' dir='ltr'><strong>et</strong></span> <span class='ocrx_word' id='word_1_109' title='bbox 1610 1275 1721 1318; x_wconf 84' lang='lat' dir='ltr'><strong>quae</strong></span> 
     </span>
    </p>

    <p class='ocr_par' dir='ltr' id='par_1_9' title="bbox 1113 1323 1520 1377">
     <span class='ocr_line' id='line_1_17' title="bbox 1113 1323 1520 1377; baseline 0.01 -2"><span class='ocrx_word' id='word_1_110' title='bbox 1113 1335 1180 1377; x_wconf 88' lang='lat' dir='ltr'><strong>fui</strong></span> <span class='ocrx_word' id='word_1_111' title='bbox 1212 1346 1324 1377; x_wconf 87' lang='lat' dir='ltr'><strong>ante.</strong></span> <span class='ocrx_word' id='word_1_112' title='bbox 1518 1323 1520 1326; x_wconf 94' lang='lat'><strong>.</strong></span> 
     </span>
    </p>

    <p class='ocr_par' dir='ltr' id='par_1_10' title="bbox 202 1399 1719 1470">
     <span class='ocr_line' id='line_1_18' title="bbox 202 1399 1719 1470; baseline 0.003 -22"><span class='ocrx_word' id='word_1_113' title='bbox 202 1399 491 1463; x_wconf 25' lang='lat' dir='ltr'><strong>Nihilssodegm</strong></span> <span class='ocrx_word' id='word_1_114' title='bbox 541 1420 675 1470; x_wconf 68' lang='lat' dir='ltr'><strong>quarn</strong></span> <span class='ocrx_word' id='word_1_115' title='bbox 708 1421 828 1448; x_wconf 85' lang='lat' dir='ltr'><strong>nunc</strong></span> <span class='ocrx_word' id='word_1_116' title='bbox 862 1416 935 1455; x_wconf 84' lang='lat' dir='ltr'><strong>tu,</strong></span> <span class='ocrx_word' id='word_1_117' title='bbox 976 1420 1113 1451; x_wconf 88' lang='lat' dir='ltr'><strong>amata</strong></span> <span class='ocrx_word' id='word_1_118' title='bbox 1148 1411 1264 1460; x_wconf 87' lang='lat' dir='ltr'><strong>sum,</strong></span> <span class='ocrx_word' id='word_1_119' title='bbox 1310 1422 1439 1466; x_wconf 88' lang='lat' dir='ltr'><strong>atque</strong></span> <span class='ocrx_word' id='word_1_120' title='bbox 1471 1413 1551 1452; x_wconf 87' lang='lat' dir='ltr'><strong>vni</strong></span> <span class='ocrx_word' id='word_1_121' title='bbox 1585 1412 1719 1453; x_wconf 87' lang='lat' dir='ltr'><strong>modo</strong></span> 
     </span>
    </p>

    <p class='ocr_par' dir='ltr' id='par_1_11' title="bbox 1089 1476 1431 1543">
     <span class='ocr_line' id='line_1_19' title="bbox 1089 1476 1431 1543; baseline -0.006 -15"><span class='ocrx_word' id='word_1_122' title='bbox 1089 1476 1212 1543; x_wconf 78' lang='lat' dir='ltr'><strong>⁴geffi</strong></span> <span class='ocrx_word' id='word_1_123' title='bbox 1248 1500 1431 1532; x_wconf 83' lang='lat' dir='ltr'><strong>morem,</strong></span> 
     </span>
    </p>

    <p class='ocr_par' dir='ltr' id='par_1_12' title="bbox 197 1550 1716 1911">
     <span class='ocr_line' id='line_1_20' title="bbox 200 1550 1640 1618; baseline -0.003 -14"><span class='ocrx_word' id='word_1_124' title='bbox 200 1564 291 1618; x_wconf 81' lang='lat' dir='ltr'><strong>Qui</strong></span> <span class='ocrx_word' id='word_1_125' title='bbox 322 1563 397 1618; x_wconf 88' lang='lat' dir='ltr'><strong>pol</strong></span> <span class='ocrx_word' id='word_1_126' title='bbox 433 1575 524 1609; x_wconf 90' lang='lat' dir='ltr'><strong>me,</strong></span> <span class='ocrx_word' id='word_1_127' title='bbox 561 1563 639 1603; x_wconf 86' lang='lat' dir='ltr'><strong>vbi</strong></span> <span class='ocrx_word' id='word_1_128' title='bbox 667 1573 803 1603; x_wconf 88' lang='lat' dir='ltr'><strong>aetate</strong></span> <span class='ocrx_word' id='word_1_129' title='bbox 838 1563 924 1603; x_wconf 88' lang='lat' dir='ltr'><strong>hoc</strong></span> <span class='ocrx_word' id='word_1_130' title='bbox 952 1572 1081 1618; x_wconf 85' lang='lat' dir='ltr'><strong>caput</strong></span> <span class='ocrx_word' id='word_1_131' title='bbox 1110 1565 1300 1604; x_wconf 86' lang='lat' dir='ltr'><strong>colorem</strong></span> <span class='ocrx_word' id='word_1_132' title='bbox 1335 1550 1640 1608; x_wconf 77' lang='lat' dir='ltr'><strong>commutauit,</strong></span> 
     </span>
     <span class='ocr_line' id='line_1_21' title="bbox 197 1636 1712 1694; baseline -0.002 -15"><span class='ocrx_word' id='word_1_133' title='bbox 197 1640 395 1694; x_wconf 85' lang='lat' dir='ltr'><strong>Reliquit</strong></span> <span class='ocrx_word' id='word_1_134' title='bbox 425 1637 700 1693; x_wconf 82' lang='lat' dir='ltr'><strong>deseruitque</strong></span> <span class='ocrx_word' id='word_1_135' title='bbox 725 1653 808 1678; x_wconf 88' lang='lat' dir='ltr'><strong>me.</strong></span> <span class='ocrx_word' id='word_1_136' title='bbox 842 1639 923 1678; x_wconf 79' lang='lat' dir='ltr'><strong>tibi</strong></span> <span class='ocrx_word' id='word_1_137' title='bbox 952 1638 1069 1678; x_wconf 88' lang='lat' dir='ltr'><strong>idem</strong></span> <span class='ocrx_word' id='word_1_138' title='bbox 1101 1638 1299 1679; x_wconf 87' lang='lat' dir='ltr'><strong>futurum</strong></span> <span class='ocrx_word' id='word_1_139' title='bbox 1328 1636 1469 1677; x_wconf 80' lang='lat' dir='ltr'><strong>crede.</strong></span> <span class='ocrx_word' id='word_1_140' title='bbox 1661 1649 1712 1686; x_wconf 78' lang='lat'><strong>45</strong></span> 
     </span>
     <span class='ocr_line' id='line_1_22' title="bbox 202 1711 1716 1770; baseline -0.001 -15"><span class='ocrx_word' id='word_1_141' title='bbox 202 1716 346 1755; x_wconf 62' lang='lat' dir='ltr'><strong>Part..</strong></span> <span class='ocrx_word' id='word_1_142' title='bbox 364 1714 444 1753; x_wconf 71' lang='lat' dir='ltr'><strong>vix</strong></span> <span class='ocrx_word' id='word_1_143' title='bbox 468 1715 747 1768; x_wconf 87' lang='lat' dir='ltr'><strong>comprimor,</strong></span> <span class='ocrx_word' id='word_1_144' title='bbox 769 1715 877 1770; x_wconf 89' lang='lat' dir='ltr'><strong>quin</strong></span> <span class='ocrx_word' id='word_1_145' title='bbox 896 1715 1091 1755; x_wconf 88' lang='lat' dir='ltr'><strong>inuolem</strong></span> <span class='ocrx_word' id='word_1_146' title='bbox 1111 1715 1174 1754; x_wconf 83' lang='lat' dir='ltr'><strong>illi</strong></span> <span class='ocrx_word' id='word_1_147' title='bbox 1195 1715 1241 1754; x_wconf 85' lang='lat' dir='ltr'><strong>in</strong></span> <span class='ocrx_word' id='word_1_148' title='bbox 1262 1713 1412 1754; x_wconf 82' lang='lat' dir='ltr'><strong>oculos</strong></span> <span class='ocrx_word' id='word_1_149' title='bbox 1434 1711 1716 1753; x_wconf 83' lang='lat' dir='ltr'><strong>stimulatrici.</strong></span> 
     </span>
     <span class='ocr_line' id='line_1_23' title="bbox 203 1778 1661 1845; baseline -0.002 -15"><span class='ocrx_word' id='word_1_150' title='bbox 203 1791 295 1830; x_wconf 71' lang='lat' dir='ltr'><strong>PH.</strong></span> <span class='ocrx_word' id='word_1_151' title='bbox 333 1790 480 1830; x_wconf 87' lang='lat' dir='ltr'><strong>Solam</strong></span> <span class='ocrx_word' id='word_1_152' title='bbox 503 1778 573 1829; x_wconf 86' lang='lat' dir='ltr'><strong>illi</strong></span> <span class='ocrx_word' id='word_1_153' title='bbox 603 1803 675 1829; x_wconf 88' lang='lat' dir='ltr'><strong>me</strong></span> <span class='ocrx_word' id='word_1_154' title='bbox 702 1788 780 1829; x_wconf 86' lang='lat' dir='ltr'><strong>soli</strong></span> <span class='ocrx_word' id='word_1_155' title='bbox 812 1788 964 1830; x_wconf 85' lang='lat' dir='ltr'><strong>censeo</strong></span> <span class='ocrx_word' id='word_1_156' title='bbox 991 1790 1071 1831; x_wconf 82' lang='lat' dir='ltr'><strong>effe</strong></span> <span class='ocrx_word' id='word_1_157' title='bbox 1105 1800 1304 1845; x_wconf 84' lang='lat' dir='ltr'><strong>oportere</strong></span> <span class='ocrx_word' id='word_1_158' title='bbox 1336 1786 1661 1843; x_wconf 83' lang='lat' dir='ltr'><strong>obsequentem.</strong></span> 
     </span>
     <span class='ocr_line' id='line_1_24' title="bbox 201 1863 1133 1911; baseline 0.003 -8"><span class='ocrx_word' id='word_1_159' title='bbox 201 1864 349 1904; x_wconf 87' lang='lat' dir='ltr'><strong>Solam</strong></span> <span class='ocrx_word' id='word_1_160' title='bbox 381 1864 453 1903; x_wconf 84' lang='lat' dir='ltr'><strong>ille</strong></span> <span class='ocrx_word' id='word_1_161' title='bbox 484 1879 557 1903; x_wconf 87' lang='lat' dir='ltr'><strong>me</strong></span> <span class='ocrx_word' id='word_1_162' title='bbox 585 1865 663 1905; x_wconf 80' lang='lat' dir='ltr'><strong>soli</strong></span> <span class='ocrx_word' id='word_1_163' title='bbox 698 1865 773 1904; x_wconf 87' lang='lat' dir='ltr'><strong>fibi</strong></span> <span class='ocrx_word' id='word_1_164' title='bbox 810 1863 884 1905; x_wconf 88' lang='lat' dir='ltr'><strong>suo</strong></span> <span class='ocrx_word' id='word_1_165' title='bbox 918 1866 1133 1911; x_wconf 79' lang='lat' dir='ltr'><strong>liberauit,</strong></span> 
     </span>
    </p>

    <p class='ocr_par' dir='ltr' id='par_1_13' title="bbox 203 1930 1714 1996">
     <span class='ocr_line' id='line_1_25' title="bbox 203 1930 1714 1996; baseline 0.001 -16"><span class='ocrx_word' id='word_1_166' title='bbox 203 1941 349 1980; x_wconf 65' lang='lat' dir='ltr'><strong>Pan..</strong></span> <span class='ocrx_word' id='word_1_167' title='bbox 390 1930 473 1980; x_wconf 81' lang='lat' dir='ltr'><strong>Pro</strong></span> <span class='ocrx_word' id='word_1_168' title='bbox 518 1939 563 1978; x_wconf 88' lang='lat' dir='ltr'><strong>di</strong></span> <span class='ocrx_word' id='word_1_169' title='bbox 612 1939 884 1988; x_wconf 76' lang='lat' dir='ltr'><strong>inmortales,</strong></span> <span class='ocrx_word' id='word_1_170' title='bbox 937 1931 1173 1982; x_wconf 76' lang='lat' dir='ltr'><strong>mulierein</strong></span> <span class='ocrx_word' id='word_1_171' title='bbox 1205 1938 1417 1992; x_wconf 79' lang='lat' dir='ltr'><strong>tepidam,</strong></span> <span class='ocrx_word' id='word_1_172' title='bbox 1468 1952 1511 1982; x_wconf 88' lang='lat' dir='ltr'><strong>et</strong></span> <span class='ocrx_word' id='word_1_173' title='bbox 1550 1942 1714 1996; x_wconf 77' lang='lat' dir='ltr'><strong>pudico</strong></span> 
     </span>
    </p>

    <p class='ocr_par' dir='ltr' id='par_1_14' title="bbox 1108 2012 1310 2071">
     <span class='ocr_line' id='line_1_26' title="bbox 1108 2012 1310 2071; baseline -0.01 -16"><span class='ocrx_word' id='word_1_174' title='bbox 1108 2012 1310 2071; x_wconf 84' lang='lat' dir='ltr'><strong>ingenio!</strong></span> 
     </span>
    </p>

    <p class='ocr_par' dir='ltr' id='par_1_15' title="bbox 199 2087 1717 2222">
     <span class='ocr_line' id='line_1_27' title="bbox 199 2087 1714 2146; baseline -0.001 -17"><span class='ocrx_word' id='word_1_175' title='bbox 199 2089 321 2129; x_wconf 86' lang='lat' dir='ltr'><strong>Bene</strong></span> <span class='ocrx_word' id='word_1_176' title='bbox 338 2089 484 2129; x_wconf 89' lang='lat' dir='ltr'><strong>hercle</strong></span> <span class='ocrx_word' id='word_1_177' title='bbox 503 2087 681 2137; x_wconf 83' lang='lat' dir='ltr'><strong>factum,</strong></span> <span class='ocrx_word' id='word_1_178' title='bbox 703 2100 744 2131; x_wconf 88' lang='lat' dir='ltr'><strong>et</strong></span> <span class='ocrx_word' id='word_1_179' title='bbox 762 2091 930 2146; x_wconf 80' lang='lat' dir='ltr'><strong>gaudeo</strong></span> <span class='ocrx_word' id='word_1_180' title='bbox 962 2092 1074 2131; x_wconf 86' lang='lat' dir='ltr'><strong>mihi</strong></span> <span class='ocrx_word' id='word_1_181' title='bbox 1108 2091 1221 2130; x_wconf 87' lang='lat' dir='ltr'><strong>nihil</strong></span> <span class='ocrx_word' id='word_1_182' title='bbox 1241 2090 1320 2130; x_wconf 84' lang='lat' dir='ltr'><strong>effe</strong></span> <span class='ocrx_word' id='word_1_183' title='bbox 1345 2091 1480 2129; x_wconf 87' lang='lat' dir='ltr'><strong>huius</strong></span> <span class='ocrx_word' id='word_1_184' title='bbox 1503 2088 1638 2130; x_wconf 83' lang='lat' dir='ltr'><strong>causa.</strong></span> <span class='ocrx_word' id='word_1_185' title='bbox 1663 2103 1714 2138; x_wconf 82' lang='lat'><strong>50</strong></span> 
     </span>
     <span class='ocr_line' id='line_1_28' title="bbox 208 2164 1717 2222; baseline -0.003 -15"><span class='ocrx_word' id='word_1_186' title='bbox 208 2168 282 2207; x_wconf 84' lang='lat' dir='ltr'><strong>Sc.</strong></span> <span class='ocrx_word' id='word_1_187' title='bbox 307 2164 462 2205; x_wconf 79' lang='lat' dir='ltr'><strong>Inscita</strong></span> <span class='ocrx_word' id='word_1_188' title='bbox 488 2164 645 2205; x_wconf 85' lang='lat' dir='ltr'><strong>ecastor</strong></span> <span class='ocrx_word' id='word_1_189' title='bbox 664 2176 712 2206; x_wconf 90' lang='lat' dir='ltr'><strong>tu</strong></span> <span class='ocrx_word' id='word_1_190' title='bbox 733 2166 914 2222; x_wconf 88' lang='lat' dir='ltr'><strong>quidem</strong></span> <span class='ocrx_word' id='word_1_191' title='bbox 943 2179 1001 2207; x_wconf 87' lang='lat' dir='ltr'><strong>es.</strong></span> <span class='ocrx_word' id='word_1_192' title='bbox 1036 2168 1127 2207; x_wconf 81' lang='lat' dir='ltr'><strong>Pu.</strong></span> <span class='ocrx_word' id='word_1_193' title='bbox 1153 2165 1458 2221; x_wconf 77' lang='lat' dir='ltr'><strong>Quapropter?</strong></span> <span class='ocrx_word' id='word_1_194' title='bbox 1494 2167 1569 2205; x_wconf 82' lang='lat' dir='ltr'><strong>Sc.</strong></span> <span class='ocrx_word' id='word_1_195' title='bbox 1594 2165 1717 2218; x_wconf 83' lang='lat' dir='ltr'><strong>Quae</strong></span> 
     </span>
    </p>

    <p class='ocr_par' dir='ltr' id='par_1_16' title="bbox 1110 2241 1382 2285">
     <span class='ocr_line' id='line_1_29' title="bbox 1110 2241 1382 2285; baseline -0.004 -5"><span class='ocrx_word' id='word_1_196' title='bbox 1110 2241 1216 2282; x_wconf 86' lang='lat' dir='ltr'><strong>istuc</strong></span> <span class='ocrx_word' id='word_1_197' title='bbox 1248 2254 1382 2285; x_wconf 87' lang='lat' dir='ltr'><strong>cures,</strong></span> 
     </span>
    </p>

    <p class='ocr_par' dir='ltr' id='par_1_17' title="bbox 198 2313 1742 2362">
     <span class='ocr_line' id='line_1_30' title="bbox 198 2313 1742 2362; baseline -0.003 -6"><span class='ocrx_word' id='word_1_198' title='bbox 198 2318 252 2359; x_wconf 82' lang='lat' dir='ltr'><strong>Vt</strong></span> <span class='ocrx_word' id='word_1_199' title='bbox 278 2329 320 2358; x_wconf 89' lang='lat' dir='ltr'><strong>te</strong></span> <span class='ocrx_word' id='word_1_200' title='bbox 349 2318 423 2357; x_wconf 86' lang='lat' dir='ltr'><strong>ille</strong></span> <span class='ocrx_word' id='word_1_201' title='bbox 452 2328 580 2358; x_wconf 89' lang='lat' dir='ltr'><strong>amet.</strong></span> <span class='ocrx_word' id='word_1_202' title='bbox 631 2320 723 2359; x_wconf 74' lang='lat' dir='ltr'><strong>PH.</strong></span> <span class='ocrx_word' id='word_1_203' title='bbox 754 2318 843 2359; x_wconf 92' lang='lat' dir='ltr'><strong>Cur</strong></span> <span class='ocrx_word' id='word_1_204' title='bbox 873 2318 1050 2360; x_wconf 84' lang='lat' dir='ltr'><strong>obsecro</strong></span> <span class='ocrx_word' id='word_1_205' title='bbox 1082 2331 1174 2359; x_wconf 87' lang='lat' dir='ltr'><strong>non</strong></span> <span class='ocrx_word' id='word_1_206' title='bbox 1206 2315 1388 2357; x_wconf 71' lang='lat' dir='ltr'><strong>curem?</strong></span> <span class='ocrx_word' id='word_1_207' title='bbox 1454 2315 1529 2354; x_wconf 85' lang='lat' dir='ltr'><strong>Sc.</strong></span> <span class='ocrx_word' id='word_1_208' title='bbox 1563 2313 1742 2362; x_wconf 55' lang='lat' dir='ltr'><strong>Libera}</strong></span> 
     </span>
    </p>

    <p class='ocr_par' dir='ltr' id='par_1_18' title="bbox 1103 2393 1274 2432">
     <span class='ocr_line' id='line_1_31' title="bbox 1103 2393 1274 2432; baseline -0.006 0"><span class='ocrx_word' id='word_1_209' title='bbox 1103 2405 1148 2432; x_wconf 90' lang='lat' dir='ltr'><strong>es</strong></span> <span class='ocrx_word' id='word_1_210' title='bbox 1174 2393 1274 2431; x_wconf 88' lang='lat' dir='ltr'><strong>iam.</strong></span> 
     </span>
    </p>

    <p class='ocr_par' dir='ltr' id='par_1_19' title="bbox 197 2467 1712 2752">
     <span class='ocr_line' id='line_1_32' title="bbox 197 2467 1658 2523; baseline 0.001 -17"><span class='ocrx_word' id='word_1_211' title='bbox 197 2468 268 2508; x_wconf 91' lang='lat' dir='ltr'><strong>Tu</strong></span> <span class='ocrx_word' id='word_1_212' title='bbox 298 2469 384 2507; x_wconf 88' lang='lat' dir='ltr'><strong>iam</strong></span> <span class='ocrx_word' id='word_1_213' title='bbox 424 2468 543 2523; x_wconf 86' lang='lat' dir='ltr'><strong>quod</strong></span> <span class='ocrx_word' id='word_1_214' title='bbox 571 2469 802 2522; x_wconf 85' lang='lat' dir='ltr'><strong>quaerebas</strong></span> <span class='ocrx_word' id='word_1_215' title='bbox 837 2469 992 2509; x_wconf 86' lang='lat' dir='ltr'><strong>habes:</strong></span> <span class='ocrx_word' id='word_1_216' title='bbox 1037 2468 1125 2514; x_wconf 88' lang='lat' dir='ltr'><strong>ille,</strong></span> <span class='ocrx_word' id='word_1_217' title='bbox 1154 2477 1197 2507; x_wconf 89' lang='lat' dir='ltr'><strong>te</strong></span> <span class='ocrx_word' id='word_1_218' title='bbox 1225 2467 1301 2505; x_wconf 76' lang='lat' dir='ltr'><strong>nisi</strong></span> <span class='ocrx_word' id='word_1_219' title='bbox 1338 2470 1501 2514; x_wconf 76' lang='lat' dir='ltr'><strong>amabit</strong></span> <span class='ocrx_word' id='word_1_220' title='bbox 1528 2468 1658 2513; x_wconf 77' lang='lat' dir='ltr'><strong>v&#39;ltro,</strong></span> 
     </span>
     <span class='ocr_line' id='line_1_33' title="bbox 198 2542 1643 2601; baseline -0.001 -19"><span class='ocrx_word' id='word_1_221' title='bbox 198 2543 262 2601; x_wconf 67' lang='lat' dir='ltr'><strong>Iti,</strong></span> <span class='ocrx_word' id='word_1_222' title='bbox 292 2557 369 2598; x_wconf 90' lang='lat' dir='ltr'><strong>pro</strong></span> <span class='ocrx_word' id='word_1_223' title='bbox 404 2544 545 2598; x_wconf 84' lang='lat' dir='ltr'><strong>capite</strong></span> <span class='ocrx_word' id='word_1_224' title='bbox 571 2553 646 2582; x_wconf 87' lang='lat' dir='ltr'><strong>tuo</strong></span> <span class='ocrx_word' id='word_1_225' title='bbox 676 2543 794 2598; x_wconf 88' lang='lat' dir='ltr'><strong>quod</strong></span> <span class='ocrx_word' id='word_1_226' title='bbox 830 2543 971 2590; x_wconf 90' lang='lat' dir='ltr'><strong>dedit,</strong></span> <span class='ocrx_word' id='word_1_227' title='bbox 999 2542 1241 2598; x_wconf 84' lang='lat' dir='ltr'><strong>perdiderit</strong></span> <span class='ocrx_word' id='word_1_228' title='bbox 1267 2551 1439 2582; x_wconf 83' lang='lat' dir='ltr'><strong>tantum</strong></span> <span class='ocrx_word' id='word_1_229' title='bbox 1461 2544 1643 2597; x_wconf 82' lang='lat' dir='ltr'><strong>argenti.</strong></span> 
     </span>
     <span class='ocr_line' id='line_1_34' title="bbox 201 2614 1712 2673; baseline -0.002 -15"><span class='ocrx_word' id='word_1_230' title='bbox 201 2621 346 2660; x_wconf 70' lang='lat' dir='ltr'><strong>sz.</strong></span> <span class='ocrx_word' id='word_1_231' title='bbox 369 2620 484 2660; x_wconf 89' lang='lat' dir='ltr'><strong>Perii</strong></span> <span class='ocrx_word' id='word_1_232' title='bbox 505 2620 662 2666; x_wconf 90' lang='lat' dir='ltr'><strong>hercle,</strong></span> <span class='ocrx_word' id='word_1_233' title='bbox 684 2620 734 2658; x_wconf 87' lang='lat' dir='ltr'><strong>ni</strong></span> <span class='ocrx_word' id='word_1_234' title='bbox 750 2632 828 2673; x_wconf 87' lang='lat' dir='ltr'><strong>ego</strong></span> <span class='ocrx_word' id='word_1_235' title='bbox 852 2614 969 2658; x_wconf 75' lang='lat' dir='ltr'><strong>illarn</strong></span> <span class='ocrx_word' id='word_1_236' title='bbox 986 2617 1192 2673; x_wconf 78' lang='lat' dir='ltr'><strong>pessumis</strong></span> <span class='ocrx_word' id='word_1_237' title='bbox 1218 2620 1425 2671; x_wconf 82' lang='lat' dir='ltr'><strong>exemplis</strong></span> <span class='ocrx_word' id='word_1_238' title='bbox 1445 2616 1643 2660; x_wconf 79' lang='lat' dir='ltr'><strong>enicaffo.</strong></span> <span class='ocrx_word' id='word_1_239' title='bbox 1663 2628 1712 2670; x_wconf 77' lang='lat'><strong>55</strong></span> 
     </span>
     <span class='ocr_line' id='line_1_35' title="bbox 197 2693 1446 2752; baseline 0.002 -20"><span class='ocrx_word' id='word_1_240' title='bbox 197 2695 272 2739; x_wconf 84' lang='lat' dir='ltr'><strong>Illa</strong></span> <span class='ocrx_word' id='word_1_241' title='bbox 298 2695 412 2738; x_wconf 85' lang='lat' dir='ltr'><strong>hanc</strong></span> <span class='ocrx_word' id='word_1_242' title='bbox 441 2697 693 2752; x_wconf 83' lang='lat' dir='ltr'><strong>conrumpit</strong></span> <span class='ocrx_word' id='word_1_243' title='bbox 718 2695 951 2736; x_wconf 82' lang='lat' dir='ltr'><strong>mulierem</strong></span> <span class='ocrx_word' id='word_1_244' title='bbox 981 2693 1226 2739; x_wconf 80' lang='lat' dir='ltr'><strong>malesuada</strong></span> <span class='ocrx_word' id='word_1_245' title='bbox 1251 2694 1446 2735; x_wconf 81' lang='lat' dir='ltr'><strong>vitileua.</strong></span> 
     </span>
    </p>
   </div>
  </div>
 </body>
</html>
