1742 2924
179 172 284 226 628-
794 187 1077 223 ΡοΕΝνιι

179 297 245 336 Ita
275 307 346 335 me
378 292 694 335 diiamabunt.
726 295 818 333 vin’
849 295 963 334 bona
992 297 1138 336 dicam
1166 295 1285 338 fide?

180 371 314 426 Quod
342 370 416 409 hic
447 370 561 410 inter
584 383 671 410 nos
705 369 844 410 liceat.
883 371 942 410 ita
975 386 1046 422 me
1074 373 1254 427 Iupiter.

177 447 295 488 Scin’
323 445 486 501 quam?
519 445 624 485 vide
654 455 716 486 tu.
749 445 925 494 credin’‚
964 447 1082 501 quod
1115 461 1194 503 ego
1224 430 1445 490 fabuler?

178 525 269 564 Ml.
301 522 346 562 Si
380 534 553 577 nequeo
586 520 741 567 facere,
773 530 820 561 vt
850 522 990 568 abeas,
1029 535 1205 577 egomet
1234 502 1396 566 abiero.

173 598 288 639 Nam
319 596 384 637 isti
414 597 594 652 quidem
626 597 769 637 hercle
803 596 1195 654 orationi'Oedipo

175 675 299 729 Opus
330 671 386 712 est
419 672 690 719 coniectore,
723 674 800 727 qui
834 673 1016 730 sphyngi
1050 676 1262 731 interpres
1292 675 1389 717 fuit.
1437 668 1439 670 ¹

173 748 266 796 AG.
298 750 423 789 Illinc
451 750 558 787 hinc
588 749 719 790 iratus
751 749 872 790 abiit.
909 764 1030 791 nunc
1059 753 1171 796 mihi
1201 753 1346 792 cautio
1381 751 1452 799 est,

172 827 243 869 Ne
274 833 463 867 meamet
491 822 617 880 culpa
649 836 749 866 meo
780 828 917 867 amori
949 827 1140 868 obiexim
1167 841 1352 881 moram.

172 903 251 945 Ibo
280 911 410 958 atque
439 900 637 942 arcess'am
669 899 806 951 testis;
842 903 1019 958 quando
1053 916 1174 944 amor
1201 896 1339 950 iubet,

173 978 280 1023 Meo
308 978 590 1020 obedientem
620 988 692 1018 me
724 977 805 1019 elle
837 977 963 1020 seruo
993 980 1195 1021 liberum.

730 1167 1025 1210 ACTVS
1097 1172 1166 1212 11.

526 1273 738 1315 Lchs‚
804 1269 1346 1309 ANTHEMONIDES.

225 1369 286 1415 'Di
313 1373 439 1414 illurn
470 1370 697 1412 infelicent
726 1385 903 1419 omnes,
935 1374 1012 1428 qui
1042 1372 1132 1428 post
1165 1374 1287 1414 hunc
1317 1354 1433 1415 diem

169 1453 292 1492 Leno
308 1450 453 1490 'vllam
482 1448 642 1488 Veneri
670 1461 881 1502 vmquam
909 1449 1133 1487 inmolarit
1162 1448 1386 1501 hostiam:-

171 1526 320 1583 Quiue
349 1525 488 1565 vllum
519 1523 658 1563 thuris
686 1519 869 1578 granum
898 1519 1228 1564 sacruficauerit.

167 1603 284 1644 Nam
311 1614 391 1657 ego
418 1598 552 1639 hodie
584 1596 735 1638 infelix
766 1598 831 1638 dis
863 1600 973 1639 meis
1004 1598 1251 1640 iratissumis

167 1679 253 1720 Sex
283 1675 497 1718 inmolaui
527 1685 682 1729 agnos,
712 1687 795 1714 nec
825 1673 951 1730 potui
986 1685 1134 1715 tamen

165 1752 410 1809 Propitiam
434 1751 649 1790 Venerem
677 1747 817 1789 facere
851 1749 915 1790 vti
949 1749 1049 1790 effet
1075 1749 1202 1790 mihi.

166 1829 392 1884 Quoniam
422 1826 543 1866 litare
574 1821 770 1881 nequeoss
803 1820 891 1864 abii
920 1826 1043 1867 illinc
1072 1826 1191 1885 illico
1232 1822 1235 1824 “

163 1908 325 1948 Iratus:
356 1900 479 1944 ‘vetui
510 1901 605 1942 exta
634 1901 900 1956 proficarier:
1260 1951 1263 1953 ι

163 1980 320 2036 Neque
348 1991 396 2020 ea
427 1975 645 2032 adspicere
672 1974 807 2017 volui.
846 1976 1057 2032 quoniam
1085 1987 1176 2016 non
1209 1974 1324 2016 bona

162 2053 389 2111 Haruspex
418 2053 549 2099 dixit,
585 2052 710 2092 deam
739 2050 818 2092 ess'e
849 2037 1078 2106 indignam
1111 2049 1292 2091 credidi.

159 2134 226 2174 Eo
258 2142 386 2188 paeto
414 2119 572 2170 auarae
603 2126 756 2167 Veneri
777 2128 933 2185 pulcre
964 2125 1051 2165 adii
1079 2138 1273 2169 manum,

159 2202 351 2265 Quando
381 2204 451 2251 id,
480 2203 599 2258 quod
628 2197 689 2241 sat
713 2211 827 2247 erat,
867 2200 966 2242 satis
993 2201 1154 2241 habere
1181 2199 1346 2247 noluit;

157 2285 251 2341 Ego
281 2278 456 2339 pausam
487 2277 595 2319 feci:
632 2279 686 2318 fic
714 2287 819 2333 ago,
850 2277 904 2317 fic
929 2287 1001 2316 me
1033 2273 1170 2318 decet.

156 2358 250 2416 Ego
282 2359 376 2399 faxo
407 2352 581 2412 posthac
614 2349 659 2393 di
691 2354 883 2408 deaeque
911 2353 1043 2393 ceteri

157 2435 463 2477 contentiores
497 2442 622 2485 mage
654 2439 793 2474 erunt,
833 2435 963 2483 atque
992 2424 1111 2467 auidi
1138 2425 1298 2475 minus,

156 2511 309 2565 Quum
339 2507 535 2550 scibunt,
566 2502 722 2546 Veneri
750 2510 797 2544 vt
826 2503 981 2544 adierit
1009 2503 1108 2543 leno
1136 2516 1331 2544 manum.

154 2584 387 2639 Condigne
417 2579 618 2636 aruspex,
661 2591 752 2621 non
782 2581 917 2620 homo
947 2576 1140 2623 trioboli,

153 2662 371 2703 Omnibus
400 2659 444 2696 in
473 2652 579 2696 extis
609 2656 750 2696 aiebat
778 2651 979 2710 portendi
1012 2651 1125 2691 mihi

150 2734 320 2776 Malum
347 2734 666 2786 damnumque,
699 2738 743 2771 et
771 2729 876 2772 deos
907 2728 987 2769 effe
1021 2729 1150 2769 iratos
1178 2724 1305 2767 mihi.

1652 317 1706 354 30

1647 690 1696 728 35
