<?xml version="1.0" encoding="UTF-8"?>
<!DOCTYPE html PUBLIC "-//W3C//DTD XHTML 1.0 Transitional//EN"
    "http://www.w3.org/TR/xhtml1/DTD/xhtml1-transitional.dtd">
<html xmlns="http://www.w3.org/1999/xhtml" xml:lang="en" lang="en">
 <head>
  <title>
</title>
<meta http-equiv="Content-Type" content="text/html;charset=utf-8" />
  <meta name='ocr-system' content='tesseract 3.04.00' />
  <meta name='ocr-capabilities' content='ocr_page ocr_carea ocr_par ocr_line ocrx_word'/>
</head>
<body>
  <div class='ocr_page' id='page_1' title='image "./commentariusperp02plauuoft_0208.png"; bbox 0 0 1742 2924; ppageno 0'>
   <div class='ocr_carea' id='block_1_1' title="bbox 91 2033 1244 2099">
    <p class='ocr_par' dir='ltr' id='par_1_1' title="bbox 91 2033 1244 2099">
     <span class='ocr_line' id='line_1_1' title="bbox 91 2033 1244 2099; baseline -0.002 -14"><span class='ocrx_word' id='word_1_1' title='bbox 91 2033 94 2036; x_wconf 15' lang='grc' dir='ltr'><em>Α</em></span> <span class='ocrx_word' id='word_1_2' title='bbox 161 2044 328 2099; x_wconf 86' lang='lat' dir='ltr'>Pugnis</span> <span class='ocrx_word' id='word_1_3' title='bbox 357 2055 451 2083; x_wconf 86' lang='lat' dir='ltr'>rem</span> <span class='ocrx_word' id='word_1_4' title='bbox 481 2039 672 2084; x_wconf 84' lang='lat' dir='ltr'>soluant‚</span> <span class='ocrx_word' id='word_1_5' title='bbox 705 2039 733 2078; x_wconf 85' lang='lat' dir='ltr'><strong>fi</strong></span> <span class='ocrx_word' id='word_1_6' title='bbox 766 2041 866 2095; x_wconf 85' lang='lat' dir='ltr'>quis</span> <span class='ocrx_word' id='word_1_7' title='bbox 896 2040 1044 2096; x_wconf 83' lang='lat' dir='ltr'>poscat</span> <span class='ocrx_word' id='word_1_8' title='bbox 1075 2043 1244 2083; x_wconf 77' lang='lat' dir='ltr'>clarius.</span> 
     </span>
    </p>
   </div>
   <div class='ocr_carea' id='block_1_2' title="bbox 174 152 1143 220">
    <p class='ocr_par' dir='ltr' id='par_1_2' title="bbox 174 152 1143 220">
     <span class='ocr_line' id='line_1_2' title="bbox 174 152 1143 220; baseline -0.001 -10"><span class='ocrx_word' id='word_1_9' title='bbox 174 176 269 220; x_wconf 85' lang='lat'>204</span> <span class='ocrx_word' id='word_1_10' title='bbox 703 152 1143 211; x_wconf 70' lang='lat' dir='ltr'>cvncvmoms</span> 
     </span>
    </p>
   </div>
   <div class='ocr_carea' id='block_1_3' title="bbox 170 0 1742 944">
    <p class='ocr_par' dir='ltr' id='par_1_3' title="bbox 170 0 1742 944">
     <span class='ocr_line' id='line_1_3' title="bbox 1558 0 1742 182; baseline 0 0"><span class='ocrx_word' id='word_1_11' title='bbox 1558 0 1742 182; x_wconf 62' lang='grc' dir='ltr'>ἒ</span> 
     </span>
     <span class='ocr_line' id='line_1_4' title="bbox 171 227 1742 339; baseline -0.003 -13"><span class='ocrx_word' id='word_1_12' title='bbox 171 285 355 326; x_wconf 90' lang='lat' dir='ltr'>Deduco</span> <span class='ocrx_word' id='word_1_13' title='bbox 381 282 512 338; x_wconf 84' lang='lat' dir='ltr'>pedes</span> <span class='ocrx_word' id='word_1_14' title='bbox 543 282 597 322; x_wconf 88' lang='lat' dir='ltr'>de</span> <span class='ocrx_word' id='word_1_15' title='bbox 620 284 733 323; x_wconf 86' lang='lat' dir='ltr'>lecto</span> <span class='ocrx_word' id='word_1_16' title='bbox 769 258 901 329; x_wconf 78' lang='lat' dir='ltr'>clam,</span> <span class='ocrx_word' id='word_1_17' title='bbox 931 295 987 322; x_wconf 86' lang='lat' dir='ltr'>ne</span> <span class='ocrx_word' id='word_1_18' title='bbox 1018 283 1143 323; x_wconf 87' lang='lat' dir='ltr'>miles</span> <span class='ocrx_word' id='word_1_19' title='bbox 1171 281 1337 324; x_wconf 74' lang='lat' dir='ltr'>sentiat.</span> <span class='ocrx_word' id='word_1_20' title='bbox 1700 227 1742 339; x_wconf 58' lang='grc' dir='ltr'>Ξ</span> 
     </span>
     <span class='ocr_line' id='line_1_5' title="bbox 172 343 1742 430; baseline -0.001 -29"><span class='ocrx_word' id='word_1_21' title='bbox 172 343 347 416; x_wconf 81' lang='lat' dir='ltr'>Rogant</span> <span class='ocrx_word' id='word_1_22' title='bbox 375 372 447 399; x_wconf 87' lang='lat' dir='ltr'>me</span> <span class='ocrx_word' id='word_1_23' title='bbox 469 359 593 406; x_wconf 81' lang='lat' dir='ltr'>serui,</span> <span class='ocrx_word' id='word_1_24' title='bbox 631 371 718 414; x_wconf 92' lang='lat' dir='ltr'>quo</span> <span class='ocrx_word' id='word_1_25' title='bbox 750 358 877 399; x_wconf 73' lang='lat' dir='ltr'>eam?</span> <span class='ocrx_word' id='word_1_26' title='bbox 906 371 977 397; x_wconf 85' lang='lat' dir='ltr'>me</span> <span class='ocrx_word' id='word_1_27' title='bbox 1010 357 1109 398; x_wconf 88' lang='lat' dir='ltr'>dico</span> <span class='ocrx_word' id='word_1_28' title='bbox 1145 359 1220 404; x_wconf 88' lang='lat' dir='ltr'>ire,</span> <span class='ocrx_word' id='word_1_29' title='bbox 1247 372 1332 413; x_wconf 92' lang='lat' dir='ltr'>quo</span> <span class='ocrx_word' id='word_1_30' title='bbox 1369 357 1497 400; x_wconf 84' lang='lat' dir='ltr'>saturi</span> <span class='ocrx_word' id='word_1_31' title='bbox 1527 359 1679 405; x_wconf 85' lang='lat' dir='ltr'>solent.</span> <span class='ocrx_word' id='word_1_32' title='bbox 1716 345 1742 430; x_wconf 61' lang='grc' dir='ltr'>,Ξ</span> 
     </span>
     <span class='ocr_line' id='line_1_6' title="bbox 175 434 1512 490; baseline -0.002 -13"><span class='ocrx_word' id='word_1_33' title='bbox 175 437 340 478; x_wconf 84' lang='lat' dir='ltr'>Ostium</span> <span class='ocrx_word' id='word_1_34' title='bbox 366 435 444 475; x_wconf 86' lang='lat' dir='ltr'>vbi</span> <span class='ocrx_word' id='word_1_35' title='bbox 472 435 685 489; x_wconf 84' lang='lat' dir='ltr'><strong>conspexi,</strong></span> <span class='ocrx_word' id='word_1_36' title='bbox 719 434 885 473; x_wconf 86' lang='lat' dir='ltr'>exinde</span> <span class='ocrx_word' id='word_1_37' title='bbox 898 447 969 473; x_wconf 87' lang='lat' dir='ltr'>me</span> <span class='ocrx_word' id='word_1_38' title='bbox 996 435 1114 474; x_wconf 89' lang='lat' dir='ltr'>illico</span> <span class='ocrx_word' id='word_1_39' title='bbox 1147 436 1365 490; x_wconf 78' lang='lat' dir='ltr'>protinam</span> <span class='ocrx_word' id='word_1_40' title='bbox 1393 435 1512 478; x_wconf 84' lang='lat' dir='ltr'>dedi.-</span> 
     </span>
     <span class='ocr_line' id='line_1_7' title="bbox 172 508 1742 567; baseline -0.001 -13"><span class='ocrx_word' id='word_1_41' title='bbox 172 512 265 554; x_wconf 78' lang='grc' dir='ltr'><em>Ριι.</em></span> <span class='ocrx_word' id='word_1_42' title='bbox 282 511 447 552; x_wconf 81' lang='lat' dir='ltr'>Laudo.</span> <span class='ocrx_word' id='word_1_43' title='bbox 468 512 552 553; x_wconf 74' lang='lat' dir='ltr'>CV.</span> <span class='ocrx_word' id='word_1_44' title='bbox 567 509 775 555; x_wconf 83' lang='lat' dir='ltr'>Laudato,</span> <span class='ocrx_word' id='word_1_45' title='bbox 790 509 963 563; x_wconf 79' lang='lat' dir='ltr'>quando</span> <span class='ocrx_word' id='word_1_46' title='bbox 988 510 1109 557; x_wconf 80' lang='lat' dir='ltr'>illud,</span> <span class='ocrx_word' id='word_1_47' title='bbox 1130 511 1248 565; x_wconf 90' lang='lat' dir='ltr'>quod</span> <span class='ocrx_word' id='word_1_48' title='bbox 1266 513 1403 567; x_wconf 82' lang='lat' dir='ltr'>cupis,</span> <span class='ocrx_word' id='word_1_49' title='bbox 1416 510 1612 552; x_wconf 83' lang='lat' dir='ltr'>effecero.</span> <span class='ocrx_word' id='word_1_50' title='bbox 1630 524 1680 563; x_wconf 80' lang='lat'>85</span> <span class='ocrx_word' id='word_1_51' title='bbox 1723 508 1742 559; x_wconf 52' lang='lat' dir='ltr'>&#39;s</span> 
     </span>
     <span class='ocr_line' id='line_1_8' title="bbox 170 586 1742 642; baseline -0.002 -15"><span class='ocrx_word' id='word_1_52' title='bbox 170 588 333 628; x_wconf 86' lang='lat' dir='ltr'>Eamus</span> <span class='ocrx_word' id='word_1_53' title='bbox 356 601 475 628; x_wconf 89' lang='lat' dir='ltr'>nunc</span> <span class='ocrx_word' id='word_1_54' title='bbox 494 590 625 633; x_wconf 85' lang='lat' dir='ltr'>intro,</span> <span class='ocrx_word' id='word_1_55' title='bbox 649 596 698 626; x_wconf 87' lang='lat' dir='ltr'>vt</span> <span class='ocrx_word' id='word_1_56' title='bbox 719 586 895 626; x_wconf 71' lang='lat' dir='ltr'>tabellas</span> <span class='ocrx_word' id='word_1_57' title='bbox 917 587 1230 642; x_wconf 69' lang='lat' dir='ltr'>consignemuS.</span> <span class='ocrx_word' id='word_1_58' title='bbox 1261 587 1350 629; x_wconf 76' lang='lat' dir='ltr'>PH.</span> <span class='ocrx_word' id='word_1_59' title='bbox 1372 587 1489 628; x_wconf 90' lang='lat' dir='ltr'>Num</span> <span class='ocrx_word' id='word_1_60' title='bbox 1505 587 1681 629; x_wconf 74' lang='lat' dir='ltr'>moror?</span> <span class='ocrx_word' id='word_1_61' title='bbox 1726 590 1742 627; x_wconf 56' lang='grc' dir='ltr'><strong>Ἰ</strong></span> 
     </span>
     <span class='ocr_line' id='line_1_9' title="bbox 172 661 1742 718; baseline -0.001 -16"><span class='ocrx_word' id='word_1_62' title='bbox 172 663 254 703; x_wconf 78' lang='lat' dir='ltr'>CV.</span> <span class='ocrx_word' id='word_1_63' title='bbox 270 663 410 717; x_wconf 82' lang='lat' dir='ltr'><strong>Atque</strong></span> <span class='ocrx_word' id='word_1_64' title='bbox 425 662 590 718; x_wconf 81' lang='lat' dir='ltr'>aliquid</span> <span class='ocrx_word' id='word_1_65' title='bbox 603 664 723 717; x_wconf 83' lang='lat' dir='ltr'>prius</span> <span class='ocrx_word' id='word_1_66' title='bbox 741 661 1036 709; x_wconf 54' lang='lat' dir='ltr'>obaudimus,</span> <span class='ocrx_word' id='word_1_67' title='bbox 1049 675 1241 718; x_wconf 85' lang='lat' dir='ltr'>pernam</span> <span class='ocrx_word' id='word_1_68' title='bbox 1259 663 1422 708; x_wconf 78' lang='lat' dir='ltr'>sumen,</span> <span class='ocrx_word' id='word_1_69' title='bbox 1436 663 1679 718; x_wconf 84' lang='lat' dir='ltr'>glandium:</span> <span class='ocrx_word' id='word_1_70' title='bbox 1722 672 1742 714; x_wconf 59' lang='grc' dir='ltr'>ηε</span> 
     </span>
     <span class='ocr_line' id='line_1_10' title="bbox 170 736 1499 794; baseline 0.001 -17"><span class='ocrx_word' id='word_1_71' title='bbox 170 737 294 778; x_wconf 86' lang='lat' dir='ltr'>Haec</span> <span class='ocrx_word' id='word_1_72' title='bbox 323 736 424 777; x_wconf 75' lang='lat' dir='ltr'>sunt</span> <span class='ocrx_word' id='word_1_73' title='bbox 452 740 595 778; x_wconf 71' lang='lat' dir='ltr'>ventri</span> <span class='ocrx_word' id='word_1_74' title='bbox 624 737 929 784; x_wconf 83' lang='lat' dir='ltr'>stabilimenta,</span> <span class='ocrx_word' id='word_1_75' title='bbox 958 751 1117 794; x_wconf 83' lang='lat' dir='ltr'>panem</span> <span class='ocrx_word' id='word_1_76' title='bbox 1144 748 1186 778; x_wconf 88' lang='lat' dir='ltr'>et</span> <span class='ocrx_word' id='word_1_77' title='bbox 1211 738 1290 777; x_wconf 79' lang='lat' dir='ltr'>affa</span> <span class='ocrx_word' id='word_1_78' title='bbox 1322 739 1499 784; x_wconf 81' lang='lat' dir='ltr'>bubula,</span> 
     </span>
     <span class='ocr_line' id='line_1_11' title="bbox 170 812 1592 868; baseline 0 -14"><span class='ocrx_word' id='word_1_79' title='bbox 170 813 383 854; x_wconf 83' lang='lat' dir='ltr'>Poculum</span> <span class='ocrx_word' id='word_1_80' title='bbox 406 813 581 868; x_wconf 81' lang='lat' dir='ltr'>grande.</span> <span class='ocrx_word' id='word_1_81' title='bbox 609 814 703 852; x_wconf 82' lang='lat' dir='ltr'>aula</span> <span class='ocrx_word' id='word_1_82' title='bbox 737 826 914 868; x_wconf 82' lang='lat' dir='ltr'>magna.</span> <span class='ocrx_word' id='word_1_83' title='bbox 946 824 994 854; x_wconf 85' lang='lat' dir='ltr'>vt</span> <span class='ocrx_word' id='word_1_84' title='bbox 1021 812 1120 853; x_wconf 81' lang='lat' dir='ltr'>satis</span> <span class='ocrx_word' id='word_1_85' title='bbox 1148 814 1259 854; x_wconf 73' lang='lat' dir='ltr'>conii</span> <span class='ocrx_word' id='word_1_86' title='bbox 1248 813 1320 853; x_wconf 85' lang='lat' dir='ltr'>lia</span> <span class='ocrx_word' id='word_1_87' title='bbox 1351 812 1592 868; x_wconf 81' lang='lat' dir='ltr'>subpetant.</span> 
     </span>
     <span class='ocr_line' id='line_1_12' title="bbox 170 877 1742 944; baseline 0.001 -17"><span class='ocrx_word' id='word_1_88' title='bbox 170 888 287 929; x_wconf 88' lang='lat' dir='ltr'>Tute</span> <span class='ocrx_word' id='word_1_89' title='bbox 316 890 490 930; x_wconf 81' lang='lat' dir='ltr'>tabellas</span> <span class='ocrx_word' id='word_1_90' title='bbox 519 889 787 944; x_wconf 79' lang='lat' dir='ltr'>consignato:</span> <span class='ocrx_word' id='word_1_91' title='bbox 817 890 890 928; x_wconf 89' lang='lat' dir='ltr'>hic</span> <span class='ocrx_word' id='word_1_92' title='bbox 919 887 1195 928; x_wconf 78' lang='lat' dir='ltr'>ministrabit:</span> <span class='ocrx_word' id='word_1_93' title='bbox 1237 902 1317 944; x_wconf 84' lang='lat' dir='ltr'>ego</span> <span class='ocrx_word' id='word_1_94' title='bbox 1353 889 1492 930; x_wconf 84' lang='lat' dir='ltr'>edam.</span> <span class='ocrx_word' id='word_1_95' title='bbox 1625 907 1681 943; x_wconf 80' lang='lat'>90</span> <span class='ocrx_word' id='word_1_96' title='bbox 1738 877 1742 881; x_wconf 34' lang='lat'><strong>⁴</strong></span> 
     </span>
    </p>
   </div>
   <div class='ocr_carea' id='block_1_4' title="bbox 168 962 1742 1091">
    <p class='ocr_par' dir='ltr' id='par_1_4' title="bbox 168 962 1742 1091">
     <span class='ocr_line' id='line_1_13' title="bbox 168 962 1742 1031; baseline 0 -26"><span class='ocrx_word' id='word_1_97' title='bbox 168 964 325 1006; x_wconf 85' lang='lat' dir='ltr'>Dicam</span> <span class='ocrx_word' id='word_1_98' title='bbox 365 964 740 1022; x_wconf 81' lang='lat' dir='ltr'>quemadmodum</span> <span class='ocrx_word' id='word_1_99' title='bbox 781 963 1037 1006; x_wconf 79' lang='lat' dir='ltr'><strong>conscribas.</strong></span> <span class='ocrx_word' id='word_1_100' title='bbox 1090 962 1266 1017; x_wconf 85' lang='lat' dir='ltr'>sequere</span> <span class='ocrx_word' id='word_1_101' title='bbox 1309 979 1380 1004; x_wconf 90' lang='lat' dir='ltr'>me</span> <span class='ocrx_word' id='word_1_102' title='bbox 1428 965 1510 1006; x_wconf 82' lang='lat' dir='ltr'>hac</span> <span class='ocrx_word' id='word_1_103' title='bbox 1551 966 1678 1006; x_wconf 85' lang='lat' dir='ltr'>intro.</span> <span class='ocrx_word' id='word_1_104' title='bbox 1731 980 1742 1031; x_wconf 47' lang='grc' dir='ltr'>ζ</span> 
     </span>
     <span class='ocr_line' id='line_1_14' title="bbox 1072 1033 1370 1091; baseline -0.007 -15"><span class='ocrx_word' id='word_1_105' title='bbox 1072 1033 1163 1077; x_wconf 74' lang='lat' dir='ltr'>Pu.</span> <span class='ocrx_word' id='word_1_106' title='bbox 1194 1034 1370 1091; x_wconf 85' lang='lat' dir='ltr'>Sequor.</span> 
     </span>
    </p>
   </div>
   <div class='ocr_carea' id='block_1_5' title="bbox 676 1226 1170 1269">
    <p class='ocr_par' dir='ltr' id='par_1_5' title="bbox 676 1226 1170 1269">
     <span class='ocr_line' id='line_1_15' title="bbox 676 1226 1170 1269; baseline 0.002 -1"><span class='ocrx_word' id='word_1_107' title='bbox 676 1226 1006 1269; x_wconf 85' lang='lat' dir='ltr'>ACTVS</span> <span class='ocrx_word' id='word_1_108' title='bbox 1074 1230 1170 1269; x_wconf 89' lang='lat'>111.</span> 
     </span>
    </p>
   </div>
   <div class='ocr_carea' id='block_1_6' title="bbox 319 1336 1544 1393">
    <p class='ocr_par' dir='ltr' id='par_1_6' title="bbox 319 1336 1544 1393">
     <span class='ocr_line' id='line_1_16' title="bbox 319 1336 1544 1393; baseline 0.002 -25"><span class='ocrx_word' id='word_1_109' title='bbox 319 1338 474 1379; x_wconf 82' lang='lat' dir='ltr'><strong>LYCO‚</strong></span> <span class='ocrx_word' id='word_1_110' title='bbox 516 1338 799 1379; x_wconf 74' lang='lat' dir='ltr'>cvncvmo,</span> <span class='ocrx_word' id='word_1_111' title='bbox 849 1339 1015 1379; x_wconf 80' lang='lat' dir='ltr'>LENO,</span> <span class='ocrx_word' id='word_1_112' title='bbox 1064 1340 1354 1370; x_wconf 76' lang='lat' dir='ltr'><strong>PALINVRVS</strong></span> <span class='ocrx_word' id='word_1_113' title='bbox 1389 1336 1544 1393; x_wconf 47' lang='lat' dir='ltr'>mzt&#39;tus.</span> 
     </span>
    </p>
   </div>
   <div class='ocr_carea' id='block_1_7' title="bbox 161 1432 1742 2017">
    <p class='ocr_par' dir='ltr' id='par_1_7' title="bbox 165 1432 1399 1497">
     <span class='ocr_line' id='line_1_17' title="bbox 165 1432 1399 1497; baseline -0.002 -18"><span class='ocrx_word' id='word_1_114' title='bbox 165 1439 254 1481; x_wconf 80' lang='lat' dir='ltr'>LY·</span> <span class='ocrx_word' id='word_1_115' title='bbox 286 1432 451 1497; x_wconf 83' lang='lat' dir='ltr'>(solus)</span> <span class='ocrx_word' id='word_1_116' title='bbox 482 1435 641 1475; x_wconf 84' lang='lat' dir='ltr'>Beatus</span> <span class='ocrx_word' id='word_1_117' title='bbox 671 1435 844 1475; x_wconf 82' lang='lat' dir='ltr'>videor:</span> <span class='ocrx_word' id='word_1_118' title='bbox 886 1436 1070 1476; x_wconf 86' lang='lat' dir='ltr'>subduxi</span> <span class='ocrx_word' id='word_1_119' title='bbox 1098 1438 1399 1486; x_wconf 81' lang='lat' dir='ltr'>ratiunculam,</span> 
     </span>
    </p>

    <p class='ocr_par' dir='ltr' id='par_1_8' title="bbox 163 1512 1742 1717">
     <span class='ocr_line' id='line_1_18' title="bbox 166 1512 1716 1568; baseline 0.001 -15"><span class='ocrx_word' id='word_1_120' title='bbox 166 1514 395 1568; x_wconf 81' lang='lat' dir='ltr'>Quantum</span> <span class='ocrx_word' id='word_1_121' title='bbox 423 1512 533 1551; x_wconf 83' lang='lat' dir='ltr'>aeris</span> <span class='ocrx_word' id='word_1_122' title='bbox 560 1512 672 1551; x_wconf 91' lang='lat' dir='ltr'>mihi</span> <span class='ocrx_word' id='word_1_123' title='bbox 707 1512 777 1557; x_wconf 84' lang='lat' dir='ltr'>fit,</span> <span class='ocrx_word' id='word_1_124' title='bbox 813 1522 1112 1568; x_wconf 85' lang='lat' dir='ltr'>quantumque</span> <span class='ocrx_word' id='word_1_125' title='bbox 1144 1512 1274 1552; x_wconf 82' lang='lat' dir='ltr'>alieni</span> <span class='ocrx_word' id='word_1_126' title='bbox 1303 1514 1388 1555; x_wconf 81' lang='lat' dir='ltr'>fiet.</span> <span class='ocrx_word' id='word_1_127' title='bbox 1712 1547 1716 1549; x_wconf 46' lang='lat'><em>&gt;</em></span> 
     </span>
     <span class='ocr_line' id='line_1_19' title="bbox 164 1541 1742 1642; baseline 0 -13"><span class='ocrx_word' id='word_1_128' title='bbox 164 1590 304 1629; x_wconf 86' lang='lat' dir='ltr'>Diues</span> <span class='ocrx_word' id='word_1_129' title='bbox 335 1586 452 1632; x_wconf 82' lang='lat' dir='ltr'>sum,</span> <span class='ocrx_word' id='word_1_130' title='bbox 485 1586 511 1625; x_wconf 83' lang='lat' dir='ltr'><strong>fi</strong></span> <span class='ocrx_word' id='word_1_131' title='bbox 539 1599 630 1626; x_wconf 87' lang='lat' dir='ltr'>uon</span> <span class='ocrx_word' id='word_1_132' title='bbox 661 1586 794 1626; x_wconf 87' lang='lat' dir='ltr'>reddo</span> <span class='ocrx_word' id='word_1_133' title='bbox 823 1589 908 1634; x_wconf 84' lang='lat' dir='ltr'>eis,</span> <span class='ocrx_word' id='word_1_134' title='bbox 951 1587 1112 1642; x_wconf 87' lang='lat' dir='ltr'>quibus</span> <span class='ocrx_word' id='word_1_135' title='bbox 1142 1588 1304 1629; x_wconf 86' lang='lat' dir='ltr'>debeo:</span> <span class='ocrx_word' id='word_1_136' title='bbox 1710 1541 1742 1636; x_wconf 42' lang='grc' dir='ltr'><em>ἢ</em></span> 
     </span>
     <span class='ocr_line' id='line_1_20' title="bbox 163 1660 1260 1717; baseline 0 -12"><span class='ocrx_word' id='word_1_137' title='bbox 163 1666 214 1706; x_wconf 82' lang='lat' dir='ltr'>Si</span> <span class='ocrx_word' id='word_1_138' title='bbox 241 1663 375 1703; x_wconf 80' lang='lat' dir='ltr'>reddo</span> <span class='ocrx_word' id='word_1_139' title='bbox 405 1662 491 1701; x_wconf 89' lang='lat' dir='ltr'>illis</span> <span class='ocrx_word' id='word_1_140' title='bbox 519 1661 680 1717; x_wconf 87' lang='lat' dir='ltr'>quibus</span> <span class='ocrx_word' id='word_1_141' title='bbox 711 1660 872 1708; x_wconf 90' lang='lat' dir='ltr'>debeo,</span> <span class='ocrx_word' id='word_1_142' title='bbox 905 1663 1001 1716; x_wconf 85' lang='lat' dir='ltr'>plus</span> <span class='ocrx_word' id='word_1_143' title='bbox 1033 1665 1164 1704; x_wconf 88' lang='lat' dir='ltr'>alieni</span> <span class='ocrx_word' id='word_1_144' title='bbox 1190 1664 1260 1706; x_wconf 86' lang='lat' dir='ltr'>est.</span> 
     </span>
    </p>

    <p class='ocr_par' dir='ltr' id='par_1_9' title="bbox 162 1737 1742 1946">
     <span class='ocr_line' id='line_1_21' title="bbox 162 1737 1672 1797; baseline 0 -16"><span class='ocrx_word' id='word_1_145' title='bbox 162 1741 350 1786; x_wconf 84' lang='lat' dir='ltr'>verum,</span> <span class='ocrx_word' id='word_1_146' title='bbox 379 1737 548 1782; x_wconf 88' lang='lat' dir='ltr'>hercle,</span> <span class='ocrx_word' id='word_1_147' title='bbox 582 1749 687 1776; x_wconf 86' lang='lat' dir='ltr'>vero</span> <span class='ocrx_word' id='word_1_148' title='bbox 716 1750 852 1791; x_wconf 86' lang='lat' dir='ltr'>quum</span> <span class='ocrx_word' id='word_1_149' title='bbox 882 1738 994 1779; x_wconf 91' lang='lat' dir='ltr'>belle</span> <span class='ocrx_word' id='word_1_150' title='bbox 1022 1742 1229 1797; x_wconf 81' lang='lat' dir='ltr'>recogito,</span> <span class='ocrx_word' id='word_1_151' title='bbox 1454 1788 1456 1790; x_wconf 17' lang='lat' dir='ltr'>v</span> <span class='ocrx_word' id='word_1_152' title='bbox 1651 1754 1672 1793; x_wconf 77' lang='lat'>5</span> 
     </span>
     <span class='ocr_line' id='line_1_22' title="bbox 163 1811 1391 1870; baseline 0 -14"><span class='ocrx_word' id='word_1_153' title='bbox 163 1817 212 1857; x_wconf 90' lang='lat' dir='ltr'>Si</span> <span class='ocrx_word' id='word_1_154' title='bbox 238 1815 376 1870; x_wconf 77' lang='lat' dir='ltr'>magis</span> <span class='ocrx_word' id='word_1_155' title='bbox 407 1827 480 1853; x_wconf 88' lang='lat' dir='ltr'>me</span> <span class='ocrx_word' id='word_1_156' title='bbox 508 1811 746 1858; x_wconf 83' lang='lat' dir='ltr'>instabunt,</span> <span class='ocrx_word' id='word_1_157' title='bbox 782 1812 836 1852; x_wconf 88' lang='lat' dir='ltr'>ad</span> <span class='ocrx_word' id='word_1_158' title='bbox 864 1813 1110 1856; x_wconf 79' lang='lat' dir='ltr'>Praetorem</span> <span class='ocrx_word' id='word_1_159' title='bbox 1145 1815 1391 1858; x_wconf 77' lang='lat' dir='ltr'>subferam‘?</span> 
     </span>
     <span class='ocr_line' id='line_1_23' title="bbox 162 1889 1181 1946; baseline -0.002 -14"><span class='ocrx_word' id='word_1_160' title='bbox 162 1892 342 1933; x_wconf 86' lang='lat' dir='ltr'>Habent</span> <span class='ocrx_word' id='word_1_161' title='bbox 366 1891 487 1930; x_wconf 89' lang='lat' dir='ltr'>hunc</span> <span class='ocrx_word' id='word_1_162' title='bbox 513 1901 683 1928; x_wconf 84' lang='lat' dir='ltr'>morem</span> <span class='ocrx_word' id='word_1_163' title='bbox 713 1889 907 1944; x_wconf 86' lang='lat' dir='ltr'>plerique</span> <span class='ocrx_word' id='word_1_164' title='bbox 939 1892 1181 1946; x_wconf 83' lang='lat' dir='ltr'>argentarii,</span> 
     </span>
    </p>

    <p class='ocr_par' dir='ltr' id='par_1_10' title="bbox 161 1962 1178 2017">
     <span class='ocr_line' id='line_1_24' title="bbox 161 1962 1178 2017; baseline 0 -10"><span class='ocrx_word' id='word_1_165' title='bbox 161 1968 218 2009; x_wconf 87' lang='lat' dir='ltr'>Vt</span> <span class='ocrx_word' id='word_1_166' title='bbox 247 1967 357 2007; x_wconf 82' lang='lat' dir='ltr'>alius</span> <span class='ocrx_word' id='word_1_167' title='bbox 383 1966 518 2006; x_wconf 85' lang='lat' dir='ltr'>alium</span> <span class='ocrx_word' id='word_1_168' title='bbox 542 1962 745 2017; x_wconf 78' lang='lat' dir='ltr'>poseant,</span> <span class='ocrx_word' id='word_1_169' title='bbox 773 1965 956 2006; x_wconf 78' lang='lat' dir='ltr'>reddant</span> <span class='ocrx_word' id='word_1_170' title='bbox 985 1968 1178 2008; x_wconf 86' lang='lat' dir='ltr'>nemini:</span> 
     </span>
    </p>
   </div>
   <div class='ocr_carea' id='block_1_8' title="bbox 161 2115 1742 2324">
    <p class='ocr_par' dir='ltr' id='par_1_11' title="bbox 161 2115 1742 2324">
     <span class='ocr_line' id='line_1_25' title="bbox 165 2115 1724 2174; baseline -0.003 -14"><span class='ocrx_word' id='word_1_171' title='bbox 165 2119 258 2174; x_wconf 84' lang='lat' dir='ltr'>Qui</span> <span class='ocrx_word' id='word_1_172' title='bbox 284 2118 419 2160; x_wconf 88' lang='lat' dir='ltr'>homo</span> <span class='ocrx_word' id='word_1_173' title='bbox 448 2124 616 2155; x_wconf 84' lang='lat' dir='ltr'>mature</span> <span class='ocrx_word' id='word_1_174' title='bbox 646 2115 855 2169; x_wconf 85' lang='lat' dir='ltr'>quaefiuit</span> <span class='ocrx_word' id='word_1_175' title='bbox 884 2120 1129 2171; x_wconf 87' lang='lat' dir='ltr'>pecuniam,</span> <span class='ocrx_word' id='word_1_176' title='bbox 1622 2125 1676 2162; x_wconf 76' lang='grc' dir='ltr'>ιο</span> <span class='ocrx_word' id='word_1_177' title='bbox 1719 2165 1724 2168; x_wconf 7' lang='grc' dir='ltr'>ἡ</span> 
     </span>
     <span class='ocr_line' id='line_1_26' title="bbox 161 2163 1742 2251; baseline -0.003 -17"><span class='ocrx_word' id='word_1_178' title='bbox 161 2184 253 2236; x_wconf 80' lang='lat' dir='ltr'>Nili</span> <span class='ocrx_word' id='word_1_179' title='bbox 283 2207 379 2235; x_wconf 85' lang='lat' dir='ltr'>eam</span> <span class='ocrx_word' id='word_1_180' title='bbox 407 2201 574 2234; x_wconf 87' lang='lat' dir='ltr'>mature</span> <span class='ocrx_word' id='word_1_181' title='bbox 603 2179 747 2243; x_wconf 68' lang='lat' dir='ltr'>parsit,</span> <span class='ocrx_word' id='word_1_182' title='bbox 780 2202 946 2233; x_wconf 80' lang='lat' dir='ltr'>mature</span> <span class='ocrx_word' id='word_1_183' title='bbox 979 2191 1121 2251; x_wconf 82' lang='lat' dir='ltr'>esurit.</span> <span class='ocrx_word' id='word_1_184' title='bbox 1721 2163 1742 2251; x_wconf 48' lang='lat' dir='ltr'>fl</span> 
     </span>
     <span class='ocr_line' id='line_1_27' title="bbox 161 2266 1284 2324; baseline -0.004 -13"><span class='ocrx_word' id='word_1_185' title='bbox 161 2269 308 2324; x_wconf 85' lang='lat' dir='ltr'>Cupio</span> <span class='ocrx_word' id='word_1_186' title='bbox 337 2269 528 2324; x_wconf 83' lang='lat' dir='ltr'>aliquem</span> <span class='ocrx_word' id='word_1_187' title='bbox 556 2278 699 2305; x_wconf 84' lang='lat' dir='ltr'>emere</span> <span class='ocrx_word' id='word_1_188' title='bbox 726 2280 932 2320; x_wconf 84' lang='lat' dir='ltr'>puerum,</span> <span class='ocrx_word' id='word_1_189' title='bbox 963 2270 1040 2322; x_wconf 88' lang='lat' dir='ltr'>qui</span> <span class='ocrx_word' id='word_1_190' title='bbox 1068 2266 1284 2309; x_wconf 82' lang='lat' dir='ltr'>vsurarius</span> 
     </span>
    </p>
   </div>
   <div class='ocr_carea' id='block_1_9' title="bbox 163 2330 1718 2472">
    <p class='ocr_par' dir='ltr' id='par_1_12' title="bbox 163 2330 1718 2472">
     <span class='ocr_line' id='line_1_28' title="bbox 163 2330 1718 2400; baseline -0.004 -13"><span class='ocrx_word' id='word_1_191' title='bbox 163 2346 296 2388; x_wconf 81' lang='lat' dir='ltr'>Nunc</span> <span class='ocrx_word' id='word_1_192' title='bbox 340 2343 453 2386; x_wconf 85' lang='lat' dir='ltr'>mihi</span> <span class='ocrx_word' id='word_1_193' title='bbox 495 2349 739 2397; x_wconf 83' lang='lat' dir='ltr'>quaeratur.</span> <span class='ocrx_word' id='word_1_194' title='bbox 778 2341 878 2384; x_wconf 79' lang='lat' dir='ltr'>vsus</span> <span class='ocrx_word' id='word_1_195' title='bbox 922 2342 978 2383; x_wconf 89' lang='lat' dir='ltr'>est</span> <span class='ocrx_word' id='word_1_196' title='bbox 1013 2343 1215 2399; x_wconf 88' lang='lat' dir='ltr'>pecunia.</span> <span class='ocrx_word' id='word_1_197' title='bbox 1273 2330 1598 2400; x_wconf 63' lang='lat' dir='ltr'>(Aeseulapz‘um</span> <span class='ocrx_word' id='word_1_198' title='bbox 1637 2341 1674 2382; x_wconf 78' lang='lat' dir='ltr'>ic</span> <span class='ocrx_word' id='word_1_199' title='bbox 1713 2383 1718 2387; x_wconf 75' lang='grc'>,</span> 
     </span>
     <span class='ocr_line' id='line_1_29' title="bbox 1058 2407 1341 2472; baseline -0.007 -22"><span class='ocrx_word' id='word_1_200' title='bbox 1058 2407 1341 2472; x_wconf 83' lang='lat' dir='ltr'>salutatum.)</span> 
     </span>
    </p>
   </div>
   <div class='ocr_carea' id='block_1_10' title="bbox 172 2482 1673 2596">
    <p class='ocr_par' dir='ltr' id='par_1_13' title="bbox 172 2482 1673 2596">
     <span class='ocr_line' id='line_1_30' title="bbox 172 2482 1673 2543; baseline -0.007 -9"><span class='ocrx_word' id='word_1_201' title='bbox 172 2491 258 2535; x_wconf 67' lang='lat' dir='ltr'>cr.</span> <span class='ocrx_word' id='word_1_202' title='bbox 301 2490 482 2543; x_wconf 79' lang='lat' dir='ltr'>(prodit</span> <span class='ocrx_word' id='word_1_203' title='bbox 511 2502 604 2530; x_wconf 85' lang='lat' dir='ltr'>cum</span> <span class='ocrx_word' id='word_1_204' title='bbox 629 2488 869 2541; x_wconf 83' lang='lat' dir='ltr'>Palinuro)</span> <span class='ocrx_word' id='word_1_205' title='bbox 913 2488 986 2530; x_wconf 91' lang='lat' dir='ltr'>Nil</span> <span class='ocrx_word' id='word_1_206' title='bbox 1029 2498 1077 2528; x_wconf 86' lang='lat' dir='ltr'>tu</span> <span class='ocrx_word' id='word_1_207' title='bbox 1114 2498 1185 2526; x_wconf 90' lang='lat' dir='ltr'>me</span> <span class='ocrx_word' id='word_1_208' title='bbox 1211 2484 1404 2524; x_wconf 80' lang='lat' dir='ltr'>saturum</span> <span class='ocrx_word' id='word_1_209' title='bbox 1428 2482 1673 2526; x_wconf 82' lang='lat' dir='ltr'>monueris:</span> 
     </span>
     <span class='ocr_line' id='line_1_31' title="bbox 1067 2554 1451 2596; baseline 0.003 -1"><span class='ocrx_word' id='word_1_210' title='bbox 1067 2555 1251 2595; x_wconf 86' lang='lat' dir='ltr'>memini</span> <span class='ocrx_word' id='word_1_211' title='bbox 1280 2565 1322 2595; x_wconf 91' lang='lat' dir='ltr'>et</span> <span class='ocrx_word' id='word_1_212' title='bbox 1349 2554 1451 2596; x_wconf 78' lang='lat' dir='ltr'>scio.</span> 
     </span>
    </p>
   </div>
   <div class='ocr_carea' id='block_1_11' title="bbox 161 2618 1726 2771">
    <p class='ocr_par' dir='ltr' id='par_1_14' title="bbox 161 2618 1726 2771">
     <span class='ocr_line' id='line_1_32' title="bbox 161 2618 1726 2694; baseline -0.011 -14"><span class='ocrx_word' id='word_1_213' title='bbox 161 2637 257 2694; x_wconf 86' lang='lat' dir='ltr'>Ego</span> <span class='ocrx_word' id='word_1_214' title='bbox 278 2637 374 2678; x_wconf 75' lang='lat' dir='ltr'>&#39;hoc</span> <span class='ocrx_word' id='word_1_215' title='bbox 401 2634 604 2677; x_wconf 84' lang='lat' dir='ltr'>effectum</span> <span class='ocrx_word' id='word_1_216' title='bbox 635 2635 779 2689; x_wconf 89' lang='lat' dir='ltr'>lepide</span> <span class='ocrx_word' id='word_1_217' title='bbox 809 2635 893 2675; x_wconf 85' lang='lat' dir='ltr'>tibi</span> <span class='ocrx_word' id='word_1_218' title='bbox 921 2633 1107 2674; x_wconf 73' lang='lat' dir='ltr'>tradam:</span> <span class='ocrx_word' id='word_1_219' title='bbox 1137 2638 1246 2671; x_wconf 87' lang='lat' dir='ltr'>tace.</span> <span class='ocrx_word' id='word_1_220' title='bbox 1624 2640 1674 2679; x_wconf 81' lang='lat'>15</span> <span class='ocrx_word' id='word_1_221' title='bbox 1722 2618 1726 2663; x_wconf 64' lang='lat' dir='ltr'><strong><em>f</em></strong></span> 
     </span>
     <span class='ocr_line' id='line_1_33' title="bbox 162 2705 1302 2771; baseline -0.005 -16"><span class='ocrx_word' id='word_1_222' title='bbox 162 2712 335 2771; x_wconf 83' lang='lat' dir='ltr'>Edepol</span> <span class='ocrx_word' id='word_1_223' title='bbox 370 2724 454 2753; x_wconf 86' lang='lat' dir='ltr'>nae</span> <span class='ocrx_word' id='word_1_224' title='bbox 487 2724 569 2767; x_wconf 86' lang='lat' dir='ltr'>ego</span> <span class='ocrx_word' id='word_1_225' title='bbox 599 2710 672 2752; x_wconf 87' lang='lat' dir='ltr'>hic</span> <span class='ocrx_word' id='word_1_226' title='bbox 703 2724 773 2752; x_wconf 87' lang='lat' dir='ltr'>me</span> <span class='ocrx_word' id='word_1_227' title='bbox 805 2711 922 2752; x_wconf 86' lang='lat' dir='ltr'>intus</span> <span class='ocrx_word' id='word_1_228' title='bbox 953 2706 1124 2764; x_wconf 86' lang='lat' dir='ltr'>expleui</span> <span class='ocrx_word' id='word_1_229' title='bbox 1151 2705 1302 2762; x_wconf 78' lang='lat' dir='ltr'>probe,</span> 
     </span>
    </p>
   </div>
   <div class='ocr_carea' id='block_1_12' title="bbox 1739 1947 1742 2549">
    <p class='ocr_par' dir='ltr' id='par_1_15' title="bbox 1739 1947 1742 2549">
     <span class='ocr_line' id='line_1_34' title="bbox 1739 1947 1742 2549; baseline 0 0"><span class='ocrx_word' id='word_1_230' title='bbox 1739 1947 1742 2549; x_wconf 95' lang='lat' dir='ltr'> </span> 
     </span>
    </p>
   </div>
  </div>
 </body>
</html>
