1742 2924
174 150 273 196 ‚524
685 150 1134 190 -mssRcAron‘is

462 270 756 314 .Achs
813 276 875 314 11.
945 275 1243 338 sel-:UNA
1286 277 1375 319 111.

624 383 884 415 CHARINVS
898 405 910 425 ‚
959 386 1225 416 DEMIPHO.

155 532 157 534 q
230 474 375 522 Homo
405 494 477 534 me
506 480 701 522 miserior
731 483 878 522 nullus
912 484 967 524 est
996 498 1153 540 aeque,
1196 487 1365 540 opinor,

172 560 326 613 Neque
359 555 535 597 aduorsa
574 559 678 613 quoi
708 559 786 596 [int
814 558 1236 615 pluravsempiterna.

173 636 306 675 Satin‘
326 633 539 689 quidquid
572 634 628 672 est
658 643 706 672 vt
734 649 864 688 quarn
893 648 985 675 rem
1017 648 1138 690 agere
1173 637 1370 692 obcoepi,

166 710 394 765 Proprium
423 710 577 764 nequit
605 710 716 748 mihi
744 711 920 749 euenire
948 712 1064 765 quod
1096 711 1258 767 cupio?

164 785 373 826 Ita'mihi
406 786 517 824 mala
551 798 617 824 res
651 785 857 825 obiicitur
886 787 1042 841 aliqua,
1159 809 1165 817 ·
1553 784 1555 787 ’
1645 798 1663 834 ς

165 862 340 902 Bonum
373 873 484 915 quae
514 874 663 900 meum
693 862 944 915 comprimit
973 862 1219 902 confilium:

163 936 297 978 Miser
327 938 509 978 amicam
539 937 652 975 mihi
680 938 851 990 paraui,
887 938 1022 984 animi
1052 935 1199 984 causa,
1224 937 1391 990 pretinm

162 1014 299 1052 Batus
330 1014 440 1052 clam
471 1020 636 1067 patrem
665 1027 813 1053 meum
840 1013 954 1067 poffe
981 1013 1153 1053 habere.

162 1090 204 1129 Is
235 1089 434 1135 nesciuit,
463 1097 505 1128 et
534 1088 669 1134 vidit,
703 1097 745 1131 et
769 1088 959 1142 perdidit
986 1101 1072 1129 me.

159 1164 317 1219 Neque
347 1166 382 1203 is
415 1178 550 1219 quum
579 1174 727 1219 roget,
767 1163 874 1219 quid
901 1166 1069 1220 loquar,
1106 1166 1340 1219 cogitatum
1366 1159 1434 1211 est,
1616 1162 1666 1205 ια’

160 1241 223 1281 lta
255 1242 390 1279 animi
426 1240 575 1280 decem
605 1241 652 1278 in
681 1250 856 1295 pectore
886 1241 1042 1281 incerti
1070 1249 1249 1280 certant.

159 1317 277 1361 Nec,
307 1316 412 1370 quid
442 1315 572 1356 corde
599 1328 720 1354 nunc
747 1305 912 1355 consilii
944 1328 1095 1369 capere
1122 1313 1293 1368 poffim,

160 1392 287 1437 Scio,
317 1399 463 1441 tantus
492 1403 594 1430 cum
625 1403 725 1430 cura
753 1403 852 1431 meo
880 1389 937 1430 eft
964 1404 1078 1431 error
1106 1391 1267 1430 animo.

157 1468 277 1508 Dum
305 1468 412 1507 serui
443 1467 532 1506 mei
560 1466 776 1521 perplacet
804 1466 918 1506 mihi
944 1467 1185 1511 confilium,

155 1545 275 1584 Dum
306 1541 474 1584 rursum
500 1541 617 1581 haud
648 1543 809 1597 placet:
855 1555 938 1582 nec
962 1551 1082 1597 pater
1110 1544 1228 1598 potis
1258 1542 1432 1583 videtur
1613 1557 1659 1594 ις

156 1620 338 1667 Induci,
369 1629 417 1659 vt
442 1626 566 1672 putet
595 1618 724 1656 matri
752 1618 951 1657 ancillam
981 1627 1171 1672 emptam
1206 1616 1286 1656 ess'e
1310 1619 1443 1660 illam.

154 1697 288 1738 Nunc
317 1696 343 1734 fi
376 1694 472 1734 dico
500 1703 549 1734 vt
573 1707 638 1734 res
669 1692 748 1739 est,
791 1702 919 1748 atque
946 1693 1063 1733 illam
1091 1693 1204 1732 mihi
1234 1706 1305 1733 me

153 1771 312 1812 Emiffe
341 1770 512 1814 indico,
546 1752 916 1825 quemadmodum
947 1767 1157 1809 existimet
1183 1767 1287 1809 me?

141 1847 440 1902 ‘Atque’illam
471 1847 709 1891 abstrahat,
746 1854 866 1884 trans
899 1857 1014 1883 mare
1043 1845 1148 1884 hinc
1178 1857 1341 1892 venum
1372 1845 1604 1900 absportet.

155 1922 271 1968 Scio,
307 1922 452 1961 saeuos
486 1933 616 1976 qnam
648 1921 707 1964 fit,
739 1920 871 1961 domo
895 1919 1061 1961 doctus.
1098 1922 1230 1975 igitur
1256 1912 1438 1961 heccine
1465 1920 1522 1960 est
1610 1936 1659 1961 ιο

153 1998 344 2040 Amare?
385 2010 499 2036 arare
532 1996 762 2042 mauelim,
801 2009 931 2050 quam
961 1996 1014 2036 fic
1054 2008 1231 2036 amare.-

106 2115 109 2117 .
151 2075 244 2115 Iam
272 2073 378 2112 hinc
405 2072 511 2111 olim
543 2072 736 2111 inuitum
766 2071 899 2112 domo
929 2072 1102 2112 extrufit
1131 2071 1183 2110 ab
1213 2067 1312 2114 sese·

149 2149 397 2188 Mercatura
427 2146 543 2187 iussit
570 2149 659 2188 ire:
700 2147 762 2187 ibi
792 2148 878 2188 hoc
908 2147 1071 2187 malurn
1102 2147 1266 2186 inueni.
1326 2143 1406 2182 Vbi

148 2226 427 2279 Voluptatem
461 2223 684 2277 aegritudo
715 2225 887 2268 vincat,
917 2222 1023 2275 quid
1053 2222 1115 2261 ibi
1146 2217 1250 2260 inest
1277 2218 1483 2259 amoeni?

150 2299 461 2353 Nequidquam
489 2298 661 2346 abdidi,
691 2280 971 2343 abscondidi,
1006 2294 1235 2337 abstrusam
1263 2294 1487 2334 habebam.
1608 2309 1654 2345 ις

148 2374 298 2443 Musca
327 2374 383 2413 est
411 2387 534 2414 meus
563 2382 693 2428 pater,
731 2374 845 2414 nihil
874 2371 1010 2426 potest
1038 2372 1144 2410 clam
1180 2370 1302 2411 illum
1332 2370 1493 2410 haberi.

149 2451 243 2491 Nec
274 2450 448 2494 sacrum,
481 2461 563 2488 nec
590 2459 677 2487 tam
708 2447 938 2505 profanum
969 2447 1209 2501 quidquam
1245 2443 1315 2491 est,
1349 2446 1456 2500 quin

147 2527 214 2566 lbi
247 2526 365 2564 illico
395 2524 510 2563 adfit.
543 2536 646 2569 nec,
681 2525 757 2577 qui
786 2525 916 2564 rebus
945 2522 1053 2563 meis

147 2599 400 2648 Confidam,
432 2600 544 2639 mihi
572 2600 658 2638 vlla
689 2599 781 2652 spes
809 2600 853 2639 'm
882 2597 1010 2638 corde
1040 2606 1151 2637 certa
1184 2596 1252 2637 est.

148 2676 250 2717 Da.
283 2675 402 2732 Quid
425 2676 531 2716 illue
562 2674 632 2722 est,
660 2675 776 2730 quod
805 2673 918 2716 [olus
939 2671 1096 2714 ‘secum
1126 2671 1342 2714 fabulatur
1370 2672 1517 2715 filiun?
1604 2689 1655 2725 30
