1742 2924
178 175 274 223 494
670 178 895 214 muns*
922 179 1172 215 GLORlost

180 287 302 342 Quae
321 297 561 340 numquam
583 285 695 327 male
718 286 772 326 de
800 296 843 326 te
874 288 1027 327 merita
1057 287 1146 328 est?
1192 288 1276 328 Pr.
1306 288 1361 329 At
1383 289 1486 355 iube
1511 287 1680 345 eampse

916 356 1030 395 exire
1062 357 1150 397 huc
1185 357 1238 396 ad
1267 370 1361 405 noa,

176 431 261 473 Dic
287 444 359 472 me
388 431 560 477 omnia,
593 442 702 484 quae
743 430 860 476 volt,
891 429 1119 473 facturum.
1181 434 1270 473 Ml.
1303 434 1423 473 Facis
1451 442 1593 479 nunc,
1630 441 1682 472 vt.

432 539 433 542 ,
918 500 1056 543 facere
1085 516 1285 559 aequom,

178 575 324 631 Quod,
353 587 463 630 quae
488 583 536 613 te
558 574 663 622 volt,
693 573 891 615 eamdem
917 586 964 616 tu
993 580 1075 618 vis.
1128 580 1219 618 ΡΑ.
1249 578 1350 618 Νοη
1374 579 1446 618 hic
1473 575 1681 617 infulsum

919 647 1051 688 habet
1080 649 1322 704 ingenium.

179 725 268 765 Mt.
302 722 535 779 Quomque
570 734 643 761 me
688 724 915 764 oratricem
952 722 1070 763 haud
1102 722 1319 779 spreuisti,
1365 721 1577 776 fluistique
1616 734 1683 761 ex-

925 805 1045 832 orare
1083 806 1133 833 ex
1151 803 1218 833 τε.
1629 797 1683 831 80

179 861 348 928 (struo)
377 864 498 921 Quid
518 863 606 905 est?
634 876 683 906 vt
701 865 828 908 ludo!
867 869 958 909 ΡΛ.
985 868 1202 920 (ancillae)
1228 868 1408 924 Nequeo
1424 867 1567 908 hercle
1592 867 1685 922 qui-

456 959 460 965 -
926 943 1026 983 dem
1060 942 1147 984 risu
1181 956 1251 985 me
1289 943 1614 984 admoderarier.

178 1017 247 1059 ob
279 1030 374 1058 eam
402 1014 572 1056 causam
595 1014 684 1055 huc
712 1016 787 1056 abs
816 1026 858 1057 te
880 1021 1042 1063 auerti.
1104 1021 1189 1060 Pr.
1220 1017 1320 1061 Non
1345 1017 1498 1072 edepol
1526 1025 1576 1057 tu
1605 1015 1687 1057 [cis

180 1144 183 1148 Ι
916 1089 1089 1135 mulier,
1648 1079 1651 1082 Ι

177 1165 408 1223 Quantum
439 1178 518 1221 ego
550 1164 764 1207 honorem
791 1178 911 1206 nunc
940 1166 1005 1204 illi
1034 1165 1189 1204 habeo.
1249 1165 1336 1207 Mr.
1366 1167 1479 1216 Scio,
1514 1178 1556 1210 et
1581 1167 1685 1209 istuc

831 1280 833 1283 f
920 1236 985 1275 illi
1028 1235 1183 1275 dicam.

177 1311 271 1352 PA-
305 1309 469 1351 Contra
495 1321 600 1348 auro
626 1308 700 1347 alii
719 1309 833 1349 hanc
852 1311 1042 1350 vendere
1069 1312 1214 1365 potuit
1239 1323 1428 1366 operam.
1466 1314 1556 1353 M1.
1577 1312 1686 1354 Istuc

918 1382 991 1434 pol
1023 1382 1105 1419 tibi
1137 1379 1290 1420 credo.'
1453 1434 1455 1436 ι

176 1453 271 1495 PA.
293 1448 407 1492 Meri
422 1452 647 1492 bellatores
669 1454 918 1507 gignuntur,
938 1468 1042 1509 quas
1065 1456 1138 1493 hic
1165 1461 1447 1508 praegnantes
1476 1452 1592 1494 fecit.
1631 1459 1681 1505 85

172 1527 231 1568 Et
262 1527 387 1583 pueri
406 1540 543 1573 annos
577 1526 849 1582 octingentos
879 1531 1051 1569 viuunt.
1096 1530 1185 1569 Mt.
1209 1530 1294 1567 Vae
1320 1529 1402 1567 tibi
1430 1539 1627 1584 nugator.

176 1605 262 1649 Pr.
296 1602 415 1658 Quin
454 1603 577 1642 mille
617 1615 832 1644 annorum
860 1613 1072 1659 perpetuo
1111 1605 1296 1650 viuum,
1344 1605 1396 1644 ab
1426 1602 1594 1646 saeculo
1630 1605 1684 1646 ad

184 1670 203 1679 ¹
457 1668 459 1670 ’
920 1672 1121 1713 saeclum.
1246 1670 1249 1672 ’

175 1750 268 1789 PA.
291 1747 355 1788 Eo
374 1747 522 1796 minus
540 1747 645 1792 dixi,
664 1760 720 1786 ne
739 1747 847 1787 haee
872 1747 1075 1795 censeret,
1088 1761 1158 1788 me
1182 1748 1410 1788 aduersum
1430 1746 1471 1788 se
1487 1750 1679 1790 mentiri.

174 1825 263 1865 Mz.
278 1823 408 1869 Perii,
420 1831 528 1878 quot
541 1822 616 1862 hic
632 1821 720 1876 ipse
734 1837 870 1864 annos
885 1825 1018 1870 viuet,
1033 1825 1188 1878 quoius
1202 1812 1285 1861 filii'
1297 1828 1386 1862 ta'm
1401 1821 1477 1863 diu
1491 1825 1682 1865 viuunt‘?

174 1901 261 1942 Pr.
293 1898 518 1946 Postriduo
546 1909 673 1939 natus
705 1898 798 1939 [um
827 1912 920 1955 ego,
949 1901 1118 1946 mulier,
1154 1911 1284 1954 quam
1315 1900 1476 1953 Iupiter
1510 1913 1561 1939 ex
1589 1901 1684 1955 Ope

854 1960 856 1963 V
914 1981 1041 2010 natus
1077 1968 1145 2009 est.
1395 1971 1397 1974 ’
1627 1965 1702 2021 90=

174 2035 269 2089 PA.
305 2045 352 2086 si
381 2046 456 2085 hic
488 2045 630 2101 pridie
666 2057 792 2087 natus
829 2045 961 2091 foret,
1015 2058 1143 2100 quam
1177 2045 1247 2083 ille
1277 2041 1354 2089 est,
1394 2044 1467 2083 hie
1504 2045 1681 2086 haberet

917 2127 1100 2170 regnum
1131 2113 1178 2151 in
1212 2113 1347 2153 coelo.

117 2221 119 2223 -
176 2192 263 2232 M't.
295 2191 386 2230 Iam
412 2190 500 2229 iam
528 2189 601 2236 sat,
640 2192 808 2237 amabo,
838 2189 907 2238 est,
945 2190 1067 2229 finite
1096 2190 1268 2234 abeam,
1298 2187 1324 2225 fi
1357 2187 1548 2242 penum,
1578 2189 1680 2228 viua

918 2272 940 2299 a
976 2259 1115 2298 vobis.

176 2338 267 2376 ΡΑ.
290 2334 426 2390 ‘Quin
454 2346 554 2388 ergo
581 2334 685 2381 abis,
716 2335 891 2389 quando
923 2332 1171 2388 responsum
1195 2333 1263 2373 est.
1325 2336 1412 2375 Mt.
1446 2335 1522 2376 Ibo
1553 2332 1680 2391 atque

254 2402 256 2404 ’
915 2404 1035 2443 illam
1066 2404 1155 2444 huc
1183 2403 1410 2449 adducam,
1446 2444 1449 2447 ,

175 2485 322 2539 Quam
345 2490 523 2537 propter
543 2493 670 2536 opera
699 2480 755 2521 est
781 2482 906 2520 mihi.
937 2479 1099 2530 (milia)
1121 2478 1335 2534 numquid
1368 2478 1472 2519 vie?
1503 2481 1588 2520 Pr.
1612 2478 1681 2518 Ne

915 2556 1052 2608 magis
1094 2554 1167 2593 fim
1205 2555 1367 2610 pulcer,
1399 2567 1528 2610 quam
1557 2553 1676 2610 sum:

175 2633 235 2672 Ita
259 2643 331 2672 me
357 2644 454 2672 mea
485 2629 624 2671 forma
655 2627 889 2670 sollicitum
908 2629 1049 2670 habet.
1091 2630 1177 2671 ΡΛ.
1202 2629 1319 2683 Quid
1348 2631 1566 2669 hicfnunc
1585 2627 1678 2674 stas.

348 2697 355 2704 ’
914 2704 1020 2760 quin
1051 2704 1175 2746 abis?
1219 2707 1305 2746 Mt.
1337 2705 1468 2746 Abeo.
1624 2716 1674 2755 95
