1742 2924
227 195 319 244 288
854 205 1100 240 131210101

224 315 259 355 A
286 312 459 368 legione
495 322 647 351 omnes
667 309 822 351 remiffi
850 311 948 352 suut
977 311 1156 354 domum
1177 314 1356 358 Thebis,
1408 323 1488 359 Ar.
1513 318 1620 373 Quis
1640 320 1727 362 hoc

226 389 317 430 Scit
335 386 530 428 factum?
567 387 651 427 ΕΡ.
674 386 766 442 Ego
791 389 846 428 ita
867 389 945 429 ess'e
963 387 1255 433 factumdico.
1288 394 1372 432 PE.
1392 394 1505 435 Scin’
1524 406 1571 436 tu
1594 394 1726 437 istuc?

523 509 531 512 ⁸
1108 469 1194 506 ΕΡ.
1229 467 1342 508 Scio.

228 542 310 581 PE,
345 539 436 593 Qui
465 545 513 576 tu
539 535 654 578 scis?
704 539 788 578 ΕΡ.
813 538 926 592 Quia
954 553 1032 593 ego
1062 542 1126 580 ire
1151 542 1241 581 vidi
1266 544 1426 583 milites
1459 534 1598 599 plenis
1627 546 1725 585 viis.

225 618 351 656 Arma
374 613 578 657 referunt,
599 623 641 653 et
657 613 849 652 iumenta
867 613 1045 655 ducunt.
1075 618 1158 656 PE.
1181 618 1323 659 Nimis
1351 618 1510 659 factum
1532 622 1652 660 bene.
1675 623 1742 671 25'

227 694 312 733 ΕΡ.
341 691 457 729 Tum
486 688 752 743 captiuorum
785 689 889 744 quid
919 690 1085 731 ducunt
1115 691 1284 734 secum!
1320 709 1491 750 pueros,
1519 697 1728 752 virgines,

224 767 376 815 Binos‚
409 776 578 805 ternos:
610 764 720 809 alius
751 765 967 819 quinque:
1006 765 1060 807 fit
1081 768 1309 809 concursus
1341 785 1416 825 per
1441 773 1547 812 vias.

222 844 355 883 Filios
390 840 485 880 suos
517 840 696 894 quisque
726 838 885 879 visunt.
941 842 1023 881 PE.
1059 842 1212 883 Hercle
1238 858 1329 884 rem
1358 846 1513 901 gestam
1545 848 1669 888 bene.
1732 896 1734 898 Ι

225 921 311 961 ΕΡ.
347 919 464 956 Tum
502 917 777 955 meretricum
817 928 1021 957 numerus
1069 928 1234 966 tantus.
1278 932 1488 976 quantum
1528 924 1574 961 in
1620 923 1727 964 vrbe

1105 996 1227 1036 omni
1258 994 1356 1043 fuit,
1710 1001 1728 1019 ⁴*

223 1076 412 1117 Obuiam
444 1082 616 1113 ornatae
648 1070 932 1128 obcurrebant
960 1069 1044 1111 suis
1075 1084 1270 1127 quaeque
1301 1073 1584 1113 amatoribus:
1674 1088 1728 1124 30

223 1152 308 1191 Eos
343 1149 583 1204 captabant.
616 1147 661 1185 id
686 1147 806 1192 adeo,
840 1149 917 1202 qui
945 1159 1145 1187 maxume
1173 1147 1368 1186 animum
1397 1147 1672 1196 aduorterim,

220 1228 457 1280 Pleraeque
492 1225 572 1264 hae
601 1220 677 1263 sub
707 1222 969 1263 vestimentis
1000 1221 1141 1262 secum
1170 1223 1386 1262 habebant
1411 1225 1530 1264 retia.

221 1304 369 1357 Quom
384 1301 435 1340 ad
451 1310 620 1353 portum
634 1300 779 1343 venio,
794 1310 919 1353 atque
935 1312 1012 1353 ego
1027 1299 1143 1351 illarn
1162 1299 1253 1338 illic
1269 1300 1398 1338 video
1417 1298 1702 1353 praestolarier
1713 1312 1727 1341 z

222 1379 280 1418 Et
308 1391 408 1418 cum
443 1388 490 1414 ea
519 1374 726 1418 tibicinae
758 1375 878 1413 ibant
907 1383 1101 1429 quatuor.
1163 1376 1247 1414 PE.
1280 1374 1488 1428 Quicum,
1515 1375 1730 1431 Epidice?

224 1456 309 1496 ΕΡ.
349 1451 461 1492 Cum
498 1449 591 1495 illa,
637 1463 767 1504 quam
818 1456 918 1489 tuus
960 1458 1115 1504 gnatus
1155 1462 1293 1489 annos
1342 1451 1503 1490 multos
1543 1452 1728 1499 deamat,

1109 1523 1286 1579 deperit.
1672 1542 1725 1581 35

220 1606 302 1646 Vbi
332 1601 548 1655 fidemque
580 1611 780 1654 remque,
815 1596 943 1653 seque
980 1609 1107 1654 teque
1144 1608 1346 1655 properat
1377 1597 1581 1652 perderei
1725 1603 1726 1606 ’

219 1682 281 1722 Ea
307 1675 637 1736 praestolabatur
663 1675 787 1713 illum
816 1673 928 1727 apud
961 1685 1141 1728 portam.
1182 1678 1266 1716 PE.
1291 1674 1441 1714 Viden*
1465 1664 1728 1716 veneficam!

222 1760 308 1799 ΕΡ.
341 1753 426 1795 Sed
452 1749 598 1791 vestita
618 1774 674 1780 —
701 1758 865 1797 aurata,
909 1759 1080 1795 ornata,
1127 1760 1174 1789 vt
1203 1747 1367 1803 lepide!
1411 1760 1458 1790 vt
1486 1734 1728 1791 concinne³

1103 1835 1151 1865 vt
1179 1822 1318 1866 noue!

221 1914 305 1954 PE.
325 1906 446 1964 Quid
465 1916 554 1945 crat
571 1903 719 1944 induta
734 1903 755 1943 ‘?
787 1917 840 1963 an
858 1903 1049 1957 regillam
1068 1899 1330 1957 induculam,
1349 1913 1401 1940 an
1420 1901 1734 1951 mendiculam,

221 1980 547 2041 Inpluuiatam‘?
587 1989 636 2018 vt
666 1978 762 2019 istae
789 1978 954 2018 faciunt
979 1976 1241 2017 vestimentis
1268 1977 1461 2019 nomina.
1667 1996 1724 2031 40

221 2061 434 2107 EP.Vtin‘
460 2057 710 2112 inpluuium
732 2053 884 2093 induta
913 2052 1010 2092 eat?
1056 2054 1137 2092 PE.
1155 2050 1274 2107 Quid
1291 2047 1395 2090 istuc
1419 2050 1475 2091 est
1495 2053 1742 2111 mirabile?

220 2138 347 2194 Quali
376 2131 465 2174 non
496 2130 643 2171 fundis
673 2138 898 2171 exornatae
931 2129 1091 2167 multae
1122 2126 1324 2166 incedant
1351 2140 1426 2179 per
1453 2129 1558 2168 vias.
1704 2152 1710 2163 ι
1739 2139 1742 2180 1

218 2216 273 2256 At
301 2212 486 2251 tributus
521 2220 656 2262 quum
688 2207 922 2260 imperatus
955 2202 1023 2247 est,
1058 2212 1218 2257 negant
1245 2200 1375 2257 pendi
1406 2202 1586 2256 poteffe:

217 2291 320 2335 Illis,
353 2286 512 2341 quibus
543 2282 728 2322 tributus
758 2281 895 2321 maior
923 2277 1141 2334 penditur.
1172 2275 1303 2334 pendi
1332 2274 1477 2330 potest.

220 2364 339 2419 Quid
366 2360 478 2406 istae,
503 2370 611 2414 quae
633 2355 735 2395 vesti
768 2354 1002 2410 quotannis
1022 2354 1200 2392 nomina
1222 2352 1456 2391 inueniunt
1484 2365 1622 2394 noua:
1665 2369 1733 2410 45,

219 2441 434 2480 Tunicam
461 2433 632 2476 ranam,
661 2432 853 2471 tunicam
887 2428 1073 2484 spillam,
1107 2427 1338 2467 linteolum
1371 2427 1611 2474 caeficium,

219 2514 501 2558 ludunum,
531 2508 811 2563 patagiatam,
851 2504 1103 2547 calthulam,
1136 2512 1207 2542 aut
1237 2502 1513 2548 crocotulam,

220 2592 481 2646 supparum,
511 2592 583 2623 aut
620 2580 895 2627 salaminiam,
932 2580 1080 2624 neam,
1119 2577 1351 2622 bafilicurn,
1389 2586 1461 2622 aut
1486 2563 1730 2641 exoticumff

219 2664 438 2707 Cumatile
495 2668 569 2699 aut
620 2658 868 2712 plumatile,
925 2656 1124 2696 cerinum
1167 2660 1242 2692 aut
1298 2654 1524 2694 melinum.
1575 2662 1727 2716 gei-rag¹

1105 2738 1343 2768 maxumae.
1712 2719 1722 2730 “’

1704 2743 1727 2808 3

1708 2810 1723 2838 »ἶ

1703 2847 1723 2924 ᾗ
