1742 2924
159 161 273 229 >486
646 189 872 226 ,muris
923 189 1171 226 etonxosr

177 292 295 334 Mala
327 295 447 335 nulla
473 297 675 337 meretrix
704 295 775 343 est,
804 310 859 336 ne
883 310 1011 352 pane,
1045 299 1192 353 peiora
1218 297 1295 338 xbi
1320 300 1605 340 conueniunt.

177 369 266 414 Pa.
303 371 367 412 Ita
404 385 484 412 vos
523 371 658 416 decet.
698 371 1030 429 consequimini.
1094 373 1183 415 ΡΛ.
1218 372 1338 414 Ceffo
1378 387 1456 429 ego
1490 376 1575 415 illis
1607 375 1680 416 ob-
1738 375 1741 377 ’

1081 450 1198 488 viam
1229 449 1306 489 ire.

179 506 337 559 Venire
370 521 533 563 sal'vom
559 523 738 578 gaudeo.
771 522 916 578 lepido
946 524 1088 564 hercle
1118 534 1270 564 ornatu
1301 524 1477 566 incedit.

181 595 269 637 Pa.
287 596 408 636 Bene
422 598 750 654 obportuneque
768 600 946 640 obuiam
963 613 1020 646 es,
1037 599 1278 640 Palaestrio.
1297 600 1399 639 hem
1416 599 1498 639 tibi
1518 599 1684 646 adsunt,

184 671 303 726 Quas
351 685 422 714 me
471 671 618 714 iuffisti
667 673 897 721 adducere,
945 685 988 715 et
1028 689 1116 731 quo
1159 684 1327 717 ornatu.
1417 674 1508 716 ΡΑ.
1554 675 1689 720 Heus.

1087 749 1227 790 noster
1256 750 1352 791 esto.
1637 764 1685 801 ²5

183 822 408 863 Palaestrio
440 823 778 866 Acroteleutium
809 824 970 866 salutat.
1031 815 1115 868 Aci
1141 814 1250 880 Quis
1278 828 1374 873 hic,
1406 826 1581 873 amabo,
1619 825 1690 874 est,

188 897 278 951 Qui
300 907 386 938 tam
406 913 486 954 pro
503 909 606 941 nota
626 915 697 942 me
717 902 945 942 nominat?
973 902 1060 943 PE.
1083 903 1167 942 Hic
1183 902 1325 953 noster
1346 901 1603 943 architectus
1621 902 1692 943 est.

189 977 274 1016 Ac.
306 975 431 1017 Salue
467 977 714 1017 architecte.
774 977 864 1020 ΡΛ.
904 977 1029 1018 Salua
1061 977 1124 1019 fis.
1169 977 1241 1019 sed
1274 978 1346 1018 dic
1379 979 1503 1023 mihi,
1536 977 1694 1034 ecquid
1728 1003 1742 1025 2

1091 1055 1164 1093 hic
1193 1065 1236 1094 te

190 1125 403 1169 Onerauit
424 1127 696 1184 praeceptis?
734 1129 817 1170 PE.
850 1129 990 1170 Probe
1020 1130 1271 1169 meditatam
1305 1137 1539 1182 Vtramque*
1569 1127 1697 1170 duco.

188 1201 284 1243 ΡΛ.
306 1203 465 1243 Audire
486 1205 628 1258 cupio,
647 1205 1030 1259 quemadmodum.
1054 1218 1109 1243 ne
1128 1205 1234 1260 quid
1251 1204 1453 1258 peccetis,
1475 1217 1628 1258 paueO.
1646 1219 1698 1253 30
1738 1211 1742 1214 ”

190 1276 283 1318 PE.
311 1278 366 1318 At
396 1289 470 1318 tua
500 1288 750 1335 praeceptat
780 1280 833 1318 de
856 1293 954 1320 meo
985 1281 1099 1319 nihil
1120 1282 1188 1319 his
1218 1292 1385 1320 nouom
1412 1278 1617 1332 adpofiui.

145 1393 152 1401 ,
195 1356 280 1396 Ac.
312 1354 483 1409 Nempe
511 1354 721 1395 ludificari
748 1355 940 1396 Militem
971 1365 1099 1396 tuum
1135 1358 1289 1396 herum
1323 1354 1426 1394 vis?
1484 1355 1574 1395 ΡΑ.
1605 1356 1702 1396 Elo-
1739 1365 1742 1376 ¹

1097 1441 1228 1488 quuta
1256 1443 1315 1469 es.

198 1510 282 1551 Ac.
311 1508 476 1563 Lepide
501 1517 544 1548 et
568 1507 791 1564 sapienter,
819 1508 1048 1549 commode
1075 1517 1118 1548 et
1148 1504 1284 1545 facete
1306 1518 1374 1545 res
1403 1515 1546 1561 parata
1577 1506 1647 1548 est.

198 1583 294 1626 ΡΛ.
320 1584 461 1639 Atque
487 1586 620 1625 huius
649 1598 827 1625 vxorem
853 1584 933 1625 ess'e
967 1595 1010 1624 te
1037 1584 1141 1622 volo
1179 1581 1424 1620 adsimilare.
1484 1586 1566 1623 Ac.
1596 1582 1704 1624 Fiet.
1736 1624 1742 1637 ,-

200 1659 294 1702 PA.
330 1660 457 1715 Quasi
487 1659 624 1700 Militi
666 1661 863 1701 animum
892 1659 1123 1704 adieceris,
1163 1658 1359 1697 similare.
1429 1661 1510 1698 Ae.
1541 1658 1613 1697 Sic
1640 1657 1706 1699 fu·

1104 1742 1254 1772 turum
1283 1730 1352 1772 est.
1655 1747 1703 1782 35
1722 1735 1742 1834 ἐ

200 1810 295 1854 ΡΑ.
331 1807 546 1866 Quasique
573 1811 681 1852 haec
717 1821 783 1850 res
818 1822 894 1865 per
931 1822 1003 1850 me
1044 1810 1326 1862 interpietem
1365 1817 1407 1847 et
1434 1815 1553 1847 tuam
1578 1809 1742 1849 ancil
1736 1852 1742 1871 5

1107 1885 1193 1924 lam
1223 1890 1403 1938 geratur.

209 1963 292 2003 Ac.
321 1960 475 2000 Bonus
502 1971 622 2001 vates
642 1970 809 2015 poteras
831 1959 933 2001 else.
962 1973 1063 2001 nam
1092 1971 1200 2015 quae
1227 1957 1325 1999 sunt
1343 1955 1502 2004 futura,
1534 1956 1657 2000 dicis.
1729 1938 1742 1958 ’ἦ

206 2036 302 2080 ΡΑ.
333 2036 548 2092 Quasique
578 2038 791 2077 annulum
819 2037 941 2077 hunc
973 2035 1176 2076 ancillula
1213 2042 1286 2074 tua
1320 2033 1395 2073 abs
1432 2043 1475 2074 te
1509 1960 1742 2093 detulerit]

1111 2109 1164 2150 ad
1195 2121 1278 2155 me,

211 2193 359 2247 Quem
389 2205 467 2248 ego
499 2191 635 2232 Militi
665 2191 810 2230 darem
844 2192 930 2230 tuis
954 2187 1112 2228 verbis.
1171 2188 1251 2226 Ac.
1281 2182 1386 2222 Vera
1421 2138 1544 2223 dicis.
1691 2125 1742 2382 ἃ

212 2268 304 2312 PE.
334 2266 454 2324 Quid
481 2266 567 2307 istis
586 2279 709 2330 nunc
725 2265 977 2306 memoratis
1000 2273 1110 2318 opus
1130 2258 1199 2305 est,
1221 2271 1329 2323 quae
1350 2258 1688 2298 commeminere

1121 2337 1204 2375 Ac.
1238 2332 1438 2372 Meliuffist
1662 2346 1688 2383 4

212 2418 344 2465 Nam,
373 2418 439 2458 mi
467 2425 660 2471 patrone,
694 2417 781 2456 hoc
814 2414 1023 2469 cogitato:
1055 2410 1132 2450 vbi
1163 2408 1326 2464 probus
1357 2407 1414 2448 est
1428 2361 1740 2496 ‘architectus‘

212 2494 338 2535 Bene
363 2475 567 2534 li‘rfeatam
601 2492 628 2530 fi
657 2489 788 2530 semel
816 2490 1004 2529 carinam
1036 2485 1294 2530 conlocauit,
1611 2502 1614 2505 -
1713 2489 1732 2530 ι

213 2570 363 2611 Facile
391 2568 471 2610 esse
499 2560 656 2608 nauem
687 2565 849 2612 facere,
877 2565 956 2605 vbi
985 2560 1163 2602 fundata
1191 2571 1234 2600 et
1258 2557 1484 2600 constituta
1511 2553 1581 2598 est.
1702 2549 1737 2607 5³⁹

217 2647 350 2688 Nunc
374 2646 483 2686 haec
514 2644 654 2683 carina
684 2641 783 2682 satis
813 2640 946 2696 probe
973 2636 1153 2678 fundata
1187 2644 1230 2675 et
1256 2635 1370 2675 bene
1394 2632 1541 2673 statuta
1567 2629 1636 2672 est.

217 2721 384 2764 Adsunt
409 2720 518 2761 fabri
549 2718 858 2774 architectique
887 2729 911 2757 a
935 2726 1028 2760 me,
1059 2725 1082 2754 a
1106 2723 1152 2754 ¹te
1178 2711 1294 2753 haud
1325 2709 1517 2786 inperiti.
1667 2703 1742 2784 455
