1742 2924
132 172 227 228 462
630 181 844 218 Μιιιτιε
896 182 1150 220 ῦιοιυοει
1177 165 1184 173 ’

131 294 210 334 PE.
239 293 398 338 Placet,
429 301 479 331 vt
503 289 627 331 dicis.
672 291 757 331 ΡΑ.
785 291 902 332 Intro
931 292 1002 332 abi
1024 305 1140 348 ergo,
1169 303 1212 334 et
1239 294 1266 334 fi
1286 294 1364 346 -isti
1386 295 1444 336 est
1467 297 1642 343 mulier,

1011 376 1107 404 eam
1137 364 1240 417 iube
1562 379 1639 407 100

128 438 228 480 Cito
260 438 442 478 domum
471 436 664 483 transire,
698 447 827 492 atque
851 437 960 478 haec
989 440 1029 478 ei
1063 439 1272 480 monstra:
1314 442 1548 496 praecipe„

125 515 180 555 Vt
208 524 354 554 teneat
385 513 558 553 confilia
588 511 740 559 nostra,
777 513 1146 567 quemadmodum
1177 516 1310 555 exorfi
1329 514 1490 562 ⁴[unum

123 592 191 630 De
221 591 392 646 gemina
423 587 580 628 sorore.
642 588 719 626 PF..
741 588 881 627 Docte
905 588 987 627 tibi
1015 589 1133 630 illam
1161 574 1411 646 perdoctam
1436 592 1561 632 dabo.

122 665 351 723 Numquid
378 662 528 704 aliud?
563 655 656 702 ῬΑ.
676 663 793 704 Intro
819 673 866 703 vt
892 664 1030 706 abeas.
1074 667 1151 705 PE.
1178 668 1309 708 Abeo.
1355 669 1438 708 ΡΑ.
1463 667 1518 707 Et
1543 655 1636 723 qul‘-

1006 734 1106 775 dem
1137 750 1217 792 ego
1252 739 1326 779 ibo
1356 738 1550 784 domum,

119 815 261 869 Atque
288 813 518 853 hominem
548 808 847 864 inuestigando
875 809 1040 851 sumam
1071 825 1292 867 operam;·
1321 814 1427 855 hine
1457 814 1635 855 disfimi-

1006 883 1167 928 lauero,
1555 898 1629 937 ρος

118 960 208 1014 Qui
243 957 373 1000 fuerit
402 956 658 1004 conseruOS,
687 959 764 1011 qui
795 956 928 997 hodie
956 958 1028 999 fiet
1057 957 1241 1000 sectatus
1276 959 1454 1000 fimiam.

116 1038 229 1077 Nam
266 1036 339 1074 ille
367 1047 458 1075 non
491 1033 650 1088 potuit,
679 1033 787 1088 quin
826 1032 1014 1073 sermoni
1048 1033 1124 1085 suo
1155 1035 1343 1088 aliquem
1373 1033 1631 1076 familiarem

111 1112 442 1166 Participauerit
472 1110 526 1149 d·e
553 1110 693 1148 amica
721 1108 841 1154 heri,
883 1107 967 1150 sese
995 1109 1145 1150 vidiffe
1174 1123 1271 1150 eam

112 1189 200 1229 Hic
229 1189 274 1227 in
303 1198 519 1241 proxumo
549 1179 818 1225 osculantem
850 1198 950 1225 cum
982 1186 1125 1226 alieno
1155 1175 1489 1227 adolescentulo.

110 1265 230 1305 Noui
261 1276 431 1303 morem
456 1274 560 1316 ego:
594 1271 638 1300 et
666 1270 806 1300 tacere
834 1259 1076 1301 nostrorum
1113 1260 1226 1301 solus
1259 1261 1360 1303 scio.
1549 1275 1628 1303 κιο

109 1342 156 1382 Si
187 1341 367 1380 inuenio
399 1339 474 1393 qui
505 1335 634 1380 vidit,
663 1335 717 1374 ad
749 1349 852 1376 eum
882 1337 1032 1375 vineas
1062 1338 1321 1392 pluteosque
1351 1349 1488 1393 agam.

106 1418 193 1457 Res
216 1423 357 1471 parata
382 1412 451 1458 est,
472 1413 516 1452 vi
537 1411 863 1467 pugnandoque
892 1412 1119 1451 hominem
1149 1426 1297 1466 capere
1319 1422 1428 1452 certa
1459 1426 1525 1453 res
1554 1412 1623 1452 est.

105 1494 152 1534 Si
178 1494 235 1531 ita
266 1503 359 1530 non
388 1490 571 1542 reperio,
609 1489 673 1527 ibi
701 1487 902 1534 odorans,
934 1489 1049 1543 quafi
1080 1489 1198 1529 canis
1232 1482 1472 1535 venaticus,

103 1571 249 1623 Vsque
277 1567 419 1607 donec
450 1557 731 1618 persequutus
761 1565 939 1618 volpem
979 1576 1050 1603 ero
1075 1561 1278 1617 vestigiis.

103 1645 189 1685 Sed
209 1642 320 1685 fores
342 1650 692 1694 concrepuerunt
718 1634 905 1679 ilostrae:
937 1651 1018 1694 ego
1042 1640 1144 1680 voci
1163 1638 1400 1679 moderabo
1421 1627 1524 1678 mes
1543 1651 1558 1677 1
1574 1652 1584 1677 ι
1599 1651 1617 1686 ς

102 1722 217 1762 Nam
234 1720 324 1759 illic
339 1715 716 1758 estPhilocomafio
735 1714 872 1755 custos
894 1728 1018 1755 meus
1036 1713 1281 1761 conseruos,
1294 1724 1421 1769 atque
1442 1715 1477 1752 it
1494 1711 1620 1754 foras.

400 1870 686 1912 Achs
744 1856 1326 1929 xl.SCENA111.

503 1970 799 2001 SCELEDRVS
813 1990 825 2010 ,
871 1971 1210 2002 PALAESTRIO.

153 2059 243 2101 Nifi
272 2057 450 2113 quidem
480 2069 560 2111 ego
590 2055 724 2095 hodie
754 2056 974 2097 ambulaui
1001 2057 1223 2099 dormiens
1253 2058 1300 2098 in
1330 2060 1500 2115 tegulis,

98 2136 230 2177 Certo
263 2133 418 2186 edepol
449 2131 551 2178 scio,
583 2146 655 2172 me
683 2132 833 2172 vidiffe
865 2131 939 2171 hic
970 2145 1207 2188 proxumae
1234 2134 1422 2176 viciniae

29 2211 32 2213 ’
90 2206 459 2252 Philocomafiurn
490 2208 676 2247 herilem
708 2210 891 2247 amicam
924 2208 1000 2248 fibi
1030 2209 1163 2248 alium
1197 2222 1412 2263 quaerere.

92 2288 179 2327 ΡΛ.
199 2286 287 2325 Hic
307 2284 427 2323 illam
450 2283 563 2322 vidit
591 2281 872 2329 osculantem,
904 2292 1117 2338 quantum
1146 2284 1264 2325 hunc
1290 2285 1441 2325 audiui
1468 2286 1604 2341 loqui.

71 2362 159 2403 Sc.
191 2360 301 2415 Quis
329 2360 403 2399 hic
432 2356 520 2398 est?
568 2360 653 2398 ΡΑ.
681 2359 805 2397 Tuus
832 2358 1210 2414 conser11os.·quid
1247 2362 1349 2415 agis,
1376 2361 1607 2404 Sceledre?

977 2431 1043 2469 Sc.
1073 2429 1152 2474 Te,
1189 2428 1429 2474 Palaestrio,
1582 2447 1602 2482 ς

87 2505 303 2561 Volupe'st
333 2502 593 2546 conueniffe.
638 2504 724 2543 ΡΑ.
758 2503 878 2558 Quid
899 2504 1022 2544 iam?
1061 2515 1131 2545 aut
1162 2504 1267 2560 quid
1298 2507 1496 2561 negotii?
1535 2506 1603 2550 fac

973 2573 1117 2614 sciam.

89 2653 156 2692 Sc.
181 2648 348 2693 Metuo.
391 2652 475 2690 ΡΛ.
499 2649 620 2705 Quid
641 2650 835 2691 metuis?
875 2653 940 2694 Sc.
962 2651 1028 2690 Ne
1049 2651 1192 2690 hercle
1219 2650 1365 2696 hodie,
1385 2661 1600 2707 quantum

971 2720 1045 2760 hic
1073 2717 1363 2762 familiarium
1391 2721 1461 2767 est,
