1742 2924
189 149 286 205 464
395 174 397 176 -
698 160 905 196 mnu-is
954 160 1207 196 ammom

187 270 276 312 Pa.
303 267 485 313 Certum
509 266 566 309 est
587 232 726 308 facere
752 267 810 308 id.
845 269 910 308 Sc.
937 268 1022 308 Hic
1049 279 1091 309 te
1111 269 1334 323 opperiar:
1355 266 1704 343 <s⁰²²²0xffi¹fli¹ss

1019 340 1084 379 illi
1114 340 1286 379 infidias
1321 341 1448 386 dabo,

189 414 335 469 Quam
365 427 468 455 mox
501 412 678 454 horsum
712 414 764 453 ad
793 413 1004 454 stabulum
1029 415 1154 453 iunix
1185 417 1365 470 recipiat
1396 413 1436 454 se
1469 429 1491 454 a
1527 417 1700 471 pabulo.

189 489 312 545 Quid
333 503 412 545 ego
441 502 561 530 nunc
588 489 779 529 faciam?
818 489 1035 530 custodem
1058 504 1130 529 me
1164 492 1229 530 illi
1251 492 1374 532 miles
1399 478 1591 537 tradidit.

186 565 319 606 Nunc
347 548 377 604 =si
411 565 630 605 indicium
662 566 789 612 facio,
822 567 991 607 interii:
1033 567 1059 604 fi
1089 577 1225 612 taceo,
1257 567 1402 607 interii
1431 579 1590 614 tamen,
1653 581 1699 617 35

188 642 351 688 Siohoc
380 641 519 696 palam
557 638 702 682 fuerit.
736 640 845 696 quid
875 642 999 696 peius
1028 643 1212 682 muliere
1243 652 1370 698 atque
1403 641 1631 685 audacius!

185 717 303 757 Dum
338 731 418 771 ego
450 718 496 756 in
526 716 684 771 tegulis
716 716 822 763 sum,
857 717 952 757 illac
980 716 1150 758 haec'se
1181 718 1371 773 hospitio
1400 718 1490 759 edit
1521 718 1647 759 foras.

168 784 357 849 'Edepol
382 793 552 834 facinus
579 791 685 832 fecit
710 793 859 833 audax.
898 794 1083 834 hoccine
1113 794 1141 833 fi
1171 795 1296 836 miles
1328 792 1451 834 sciat!

187 869 331 910 Credo
356 870 502 910 hercle
527 870 607 908 ‘has
629 867 823 909 sustollat
842 869 968 910 aedes
993 879 1118 917 totas,
1148 882 1277 926 atque
1298 871 1417 910 hunc
1442 871 1488 908 in
1515 883 1702 910 crucem.

186 945 346 986 Hercle
367 944 583 1000 quidquid
601 944 670 992 est,
684 943 911 985 mussitabo
936 948 1099 1000 potius,
1121 960 1251 1000 quam
1279 948 1486 1001 inteream
1505 947 1630 986 male.
1653 960 1704 995 40

185 1021 288 1062 Non
322 1034 401 1076 ego
433 1020 616 1076 poffum,
649 1035 759 1077 quae
790 1021 877 1075 ipsa
908 1020 992 1060 sese
1020 1021 1230 1066 venditat,
1259 1023 1450 1062 tutarier.
1492 1052 1497 1054 s

185 1093 275 1138 Pa.
305 1098 505 1149 (rediens)
539 1098 755 1146 Sceledre,
778 1099 988 1138 Sceledre.
1032 1099 1096 1139 Sc.
1125 1098 1235 1153 Quis
1263 1099 1396 1138 homo
1421 1094 1705 1136 interminat?

1019 1168 1104 1207 ΡΑ.
1125 1167 1196 1207 Est
1219 1178 1260 1208 te
1287 1169 1392 1208 alter
1415 1166 1648 1217 audacior?

194 1244 308 1300 Quia
336 1244 473 1299 magis
503 1243 599 1282 Diis
631 1242 824 1281 inimicis
854 1251 994 1290 natus,
1022 1258 1152 1299 quam
1174 1255 1242 1290 tu,
1274 1256 1402 1300 atque
1424 1243 1585 1284 iratis?
1637 1245 1702 1284 Sc.

1018 1315 1140 1369 Quid
1179 1315 1267 1355 est?
1596 1312 1599 1313 ⁷

143 1417 157 1437 2
187 1389 273 1429 ΡΑ.
314 1388 462 1427 Iuben'
493 1387 575 1426 tibi
611 1388 762 1427 oculos
795 1383 989 1433 effodiri,
1036 1388 1195 1442 quibus
1228 1386 1295 1432 id,
1338 1387 1456 1441 quod
1489 1396 1705 1445 nusquam

1016 1454 1085 1501 est,
1117 1455 1273 1495 vides.

187 1530 254 1570 Sc.
288 1527 422 1584 Quid,
449 1526 702 1582 nusquam?
751 1527 834 1565 ΡΛ.
865 1524 966 1564 Non
995 1538 1074 1579 ego
1105 1535 1222 1562 nunc
1248 1537 1390 1564 emam
1420 1528 1558 1566 vitam
1585 1537 1707 1568 tuam

1013 1593 1168 1634 vitiosa
1197 1607 1325 1633 nuce.
1649 1612 1699 1647 45

189 1676 256 1717 Sc.
286 1673 407 1730 Quid
436 1673 604 1728 negotii
634 1671 723 1712 est?
767 1673 852 1712 ΡΛ.
879 1669 997 1726 Quid
1020 1669 1188 1723 negotii
1217 1669 1275 1714 fit,
1305 1670 1464 1726 rogas?
1515 1673 1580 1713 Sc.
1615 1673 1703 1714 Cur

571 1755 574 1758 ·
1018 1752 1110 1779 non
1142 1738 1328 1794 rogem?

189 1816 281 1858 PA.
299 1814 461 1854 Nonne
482 1814 563 1854 tibi
585 1811 702 1851 istam
722 1807 1011 1866 praetruncari
1034 1810 1225 1864 linguam
1245 1810 1527 1865 largiloquam
1548 1812 1704 1853 iubes?

195 1894 268 1932 Sc.
294 1890 591 1945 Quamobrem
627 1886 831 1927 iubeam?
883 1886 973 1927 ΡΛ.
1002 1885 1363 1926 Philocomasium
1394 1899 1540 1926 eccam
1568 1887 1703 1935 domi,

1018 1969 1147 2011 quam
1186 1956 1232 1994 iu
1263 1968 1478 2009 proxumo

185 2034 345 2076 vidiffe
371 2036 514 2074 aiebas
547 2044 589 2075 te
624 2033 889 2075 osculantem
918 2022 1047 2088 atque
1075 2031 1392 2085 amplexantem
1421 2045 1521 2072 cum
1551 2033 1700 2077 altero,

187 2112 256 2152 Sc.
287 2110 452 2149 Mirum
483 2108 539 2148 est
566 2110 671 2150 lolio
702 2110 903 2149 victitare
934 2117 999 2154 te,
1031 2118 1118 2148 tam
1149 2104 1226 2146 vili
1258 2107 1419 2145 tritico.
1652 2123 1700 2157 50

183 2187 274 2228 PA.
297 2185 417 2241 Quid
439 2185 561 2225 iam?
594 2188 658 2228 Sc.
681 2187 797 2242 Quia
818 2183 1072 2225 luscitiosus.
1104 2183 1194 2223 ΡΑ.
1212 2182 1294 2221 Vae
1314 2179 1514 2221 verbero!
1547 2170 1702 2238 edepol

1014 2263 1063 2295 tu
1077 2252 1270 2308 ‘quidem

187 2331 367 2380 Caecus,
398 2345 489 2372 non
518 2330 773 2373 luscitiosus.
808 2343 907 2370 nam
943 2329 1060 2368 illam
1089 2326 1268 2383 quidem
1303 2337 1449 2366 eccam
1480 2323 1615 2366 domi.

189 2410 257 2449 Sc.
283 2407 421 2464 Quid,
442 2407 598 2448 domi?
644 2410 731 2449 ΡΑ.
757 2408 889 2448 Domi
917 2405 1061 2446 hercle
1088 2414 1206 2441 vero.
1251 2401 1317 2440 Sc.
1342 2400 1447 2440 Abi:
1476 2401 1591 2442 ludis
1613 2416 1698 2450 me.

1010 2470 1251 2512 Palaestrio.
1289 2498 1292 2500 -

184 2547 273 2587 ΡΑ.
304 2546 424 2587 Tum
459 2546 583 2586 'mihi
632 2544 730 2585 sunt
767 2554 924 2583 manus
971 2544 1237 2597 inquinatae.
1315 2539 1381 2579 Sc.
1425 2539 1514 2594 Qui
1559 2539 1700 2581 dum?

1014 2612 1099 2650 ΡΑ.
1133 2609 1249 2662 Quia
1276 2608 1381 2649 ludo
1410 2609 1517 2650 luto.

189 2691 257 2732 Sc.
277 2691 362 2731 Vae
389 2690 523 2747 capiti
544 2700 634 2731 tuo.
668 2690 753 2735 Pa.
776 2689 876 2729 'ruo
899 2685 1015 2733 istuc,
1039 2685 1252 2732 Sceledre,
1280 2685 1487 2740 promitto
1510 2681 1615 2730 fore.
1645 2697 1691 2734 55
1723 2675 1730 2681 ’
