1742 2924
138 162 234 219 264
376 180 383 190 1
661 175 1133 213 etsi-emanue

136 282 369 339 Postquam
404 284 477 323 ille
509 285 636 324 vxori
670 283 775 325 iusta
805 283 932 332 fecit,
962 286 1080 325 illico

142 360 245 401 Huc
275 361 604 414 commigrauit,
639 359 762 400 duxit
790 374 968 420 vxorem
997 362 1070 400 hic
1098 362 1173 402 fibi

142 435 378 480 Eamdem‚
421 449 551 490 quam
584 437 690 475 olim
719 436 933 492 virginem
963 437 1037 476 hic
1064 428 1378 492 compress'e'rat,

142 511 198 551 Et
229 524 324 551 eam
354 510 576 566 cognoscit
607 511 711 557 effe,
746 525 874 566 quam
911 513 1220 566 comprefferat.

143 588 219 627 Illa
252 588 338 632 illi,
377 587 506 634 dicit,
541 589 633 627 eius
665 586 705 626 se
738 602 789 628 ex
823 589 979 628 iniuria

143 647 354 718 Peperilfe
386 674 581 718 gnatam,
614 671 741 717 atque
773 677 866 703 eam
898 663 938 704 se
969 662 1088 704 servo
1121 665 1238 704 illico

145 738 318 779 Dediss'e
346 739 662 793 exponendam.
702 740 774 778 ille
804 741 1019 795 extemplo
1049 738 1263 788 servolum

134 809 271 855 xIubet
303 815 429 854 illum
459 815 662 854 eumdem
692 813 912 871 persequi,
946 815 971 853 fi
1004 829 1085 870 qua
1122 824 1251 870 queat

148 890 380 944 Reperire,
412 904 521 946 quae
551 890 784 931 sustulerit.
813 893 853 931 ei
879 892 942 930 rei
973 905 1093 931 nunc
1121 890 1241 932 suam

151 966 341 1022 Operam
374 981 509 1023 vsque
540 968 714 1008 adsiduo
750 966 892 1008 servos
921 966 1015 1013 dat,
1047 967 1073 1005 fi
1103 965 1258 1022 poffiet
1287 1007 1292 1013 ,

149 1042 429 1084 Meretricem
463 1045 581 1084 illam
610 1044 835 1088 inuenire,
867 1057 994 1098 quam
1026 1043 1130 1082 olim
1159 1043 1323 1089 tollere,

154 1117 306 1172 Quum
339 1115 430 1174 ipse
459 1120 724 1173 exponebat,
755 1128 797 1159 et
826 1118 989 1158 infidiis
1019 1117 1218 1158 viderat.

151 1193 305 1240 Nunc,
345 1194 462 1249 quod
492 1197 708 1252 reliquom
743 1193 886 1240 restat,
928 1195 1028 1234 volo
1056 1192 1313 1248 persoluere,
1355 1199 1360 1205 ‘

151 1269 207 1308 Vt
237 1271 507 1324 expungatur
537 1284 726 1316 nomen,
757 1282 812 1308 118
846 1268 950 1323 quid
978 1269 1173 1309 debeam.

152 1345 412 1385 Adolescens
447 1346 518 1384 hic
551 1345 608 1385 est
638 1346 836 1397 Sicyoni:
878 1345 919 1383 ei
947 1344 1062 1383 viuit
1089 1354 1221 1398 pater.

152 1421 191 1460 Is
221 1433 368 1461 amore
399 1422 695 1476 proiecticiam
726 1408 842 1460 illam
874 1420 1056 1474 deperit,

156 1495 282 1550 Quae
311 1496 479 1537 dudum
515 1498 623 1537 flens
653 1497 759 1535 hinc
789 1495 896 1535 abiit
925 1495 976 1535 ad
1013 1506 1204 1535 matrem
1228 1495 1368 1536 suam:

154 1571 212 1612 Et
241 1573 313 1612 illa
346 1573 468 1613 hunc
498 1581 669 1619 contra,
711 1573 789 1626 qui
820 1570 877 1611 est
903 1584 1023 1611 amor
1048 1568 1334 1611 suauiffimus.

154 1648 210 1687 Vt
236 1647 335 1688 sunt
363 1649 580 1695 humana,
608 1648 720 1705 nihil
753 1646 809 1687 est
837 1656 1093 1702 perpetuom
1126 1646 1291 1686 datum.

157 1704 284 1766 Pater
319 1725 581 1766 adolescenti
612 1723 712 1762 dare
738 1722 830 1762 volt
858 1723 1174 1763 vxoremshoc
1202 1722 1280 1761 vbi

159 1803 302 1843 Mater
332 1801 528 1848 resciuit,
568 1798 682 1840 iuffit
710 1797 854 1852 arceffi
881 1812 974 1838 eam
1007 1799 1202 1852 (1011111111.

159 1878 281 1918 Haec
308 1892 375 1918 res
404 1879 457 1918 [ic
487 1876 596 1933 gesta
630 1875 699 1916 est.
734 1876 846 1915 bene
874 1876 1036 1920 valete,
1067 1883 1110 1913 et
1133 1875 1300 1914 vincite

160 1954 330 1993 Virtute
359 1967 482 1999 vera,
519 1952 638 2008 quod
663 1950 818 1991 fecistis
848 1949 1066 1991 antidhac.

109 2071 112 2074 ,
163 2029 342 2070 seruate
371 2028 532 2068 vostros
561 2026 722 2072 socios,
757 2037 924 2066 veteres
953 2036 994 2064 et
1019 2035 1183 2064 nouos:

165 2106 330 2161 Augete
361 2106 516 2145 auxilia
544 2103 692 2144 vostris
719 2102 838 2142 iustis
867 2102 1049 2156 legibus,

165 2181 341 2221 Perdite
371 2180 633 2235 perduelles,
676 2181 814 2235 parite
842 2177 1014 2217 laudem
1048 2183 1091 2214 et
1119 2175 1324 2220 lauream,

166 2258 222 2296 Vt
249 2257 376 2297 vobis
405 2256 514 2296 victi
547 2256 685 2295 Poeni
714 2267 876 2310 poenas
906 2251 1136 2296 subferant.

473 2393 772 2434 ACTVS
831 2393 895 2432 ΙΙ.
972 2383 1273 2428 SCENA
1342 2385 1378 2424 Ι.

544 2483 993 2523 ΑιοΕεΙΜΑΒοΗνε,
1029 2477 1314 2511 MELAENIS.

1603 452 1656 492 30

1610 833 1660 871 35

1611 1216 1734 1254 4ο-

1617 1588 1671 1626 45

1624 1964 1676 2002 50

222 2564 373 2606 'Credo
412 2577 493 2620 ego
531 2562 726 2603 amorem
761 2564 956 2618 primurn
991 2556 1107 2612 apud
1146 2555 1347 2595 homines
1391 2552 1687 2593 carnificinam

1059 2635 1356 2666 commentum
1374 2639 1383 2664 :

177 2710 305 2751 Hanc
331 2723 411 2766 ego
445 2711 499 2752 de
528 2721 600 2750 me
629 2709 925 2749 coniecturam
954 2704 1075 2746 domi
1097 2701 1225 2749 facio,
1253 2714 1308 2740 ne
1341 2699 1446 2740 foris
1470 2711 1691 2756 quaeram,
1724 2705 1734 2754 J
