1742 2924
173 167 283 215 514.
715 151 1128 211 menen-orus

174 276 340 318 Omnes
369 277 536 318 labores
565 274 794 316 inueniss'et
818 276 1054 330 perferens,

167 353 346 394 ‘Amoris
381 355 429 391 vi
462 351 734 406 diffunditari
763 364 812 391 ac
842 350 990 392 deteri.

175 427 434 468 Conuitium
464 436 529 467 tot
559 441 629 468 me
660 439 797 468 annos
825 429 912 467 iam
947 426 990 466 se
1018 426 1200 482 pascere.

176 502 311 558 Quod
340 503 415 542 nifi
445 501 651 557 puderet,
681 516 736 541 ne
764 503 934 543 luberet
959 505 1123 542 viuere.

176 577 274 619 Sese
305 579 543 632 extemplo,
578 592 631 618 ex
663 577 843 632 ephebis
871 577 1092 633 postquam
1125 576 1354 624 excess'erit,

176 654 292 700 Non,
323 662 373 692 vt
402 667 502 708 ego,
535 653 692 698 amori,
723 666 868 709 neque
897 652 1079 694 de'fidiae
1107 656 1156 693 in
1185 655 1276 694 otio

176 731 363 784 Operam
395 727 576 774 dedisse,
606 741 750 783 neque
778 728 1026 784 potestatem
1056 730 1133 769 fibi

175 804 336 853 Fuisse3
376 805 481 844 adeo
514 813 628 843 arcte
658 805 903 845 cohibitum
933 804 1013 844 ess‘e
1043 803 1085 844 se
1115 818 1138 843 a
1165 815 1308 861 patre:

115 933 120 938 Α
173 880 319 920 Multo
350 893 477 934 opere
507 880 725 921 inmundo
751 876 982 921 rusticose
1010 881 1272 921 exercitum:

174 956 329 1010 Neque
359 955 436 994 nili
467 957 620 1010 quinto
652 970 766 997 anno
802 969 974 1011 quoque
1000 954 1116 1011 poffe
1145 966 1239 995 tum
1267 953 1405 995 visere

172 1031 356 1077 Vrbem,
391 1039 518 1086 atque
547 1033 765 1086 extemplo
792 1031 918 1076 inde,
948 1041 997 1071 vt
1027 1030 1290 1084 spectauiffet
1315 1032 1504 1087 peplum,

172 1106 264 1146 Rus
295 1106 462 1145 rursum
491 1102 715 1147 confestim
741 1108 856 1161 exigi
894 1107 1067 1146 solitum
1095 1119 1118 1144 a
1147 1116 1280 1160 patre.

170 1182 238 1222 Ibi
270 1182 409 1221 multo
438 1182 628 1234 primum
659 1180 701 1221 se
734 1181 1013 1222 familiarium

171 1257 465 1296 Laborauiffez
501 1269 635 1310 quom
663 1257 770 1295 haec
798 1266 916 1311 pater
949 1259 1022 1296 fibi
1053 1252 1238 1297 dicei-et:

171 1333 278 1371 Tibi
309 1344 424 1375 aras,
455 1331 535 1372 tibi
566 1344 711 1373 occas,
753 1332 832 1370 tibi
866 1332 986 1378 seris,
1028 1333 1109 1371 tibi
1135 1332 1278 1372 eidem
1308 1334 1459 1373 metis:

172 1408 278 1445 Tibi
311 1406 500 1460 denique
530 1407 602 1446 iste
632 1408 770 1461 pariet
798 1408 1008 1447 laetitiam
1041 1406 1174 1445 labos.

170 1481 400 1536 Postquam
428 1481 601 1521 receffet
629 1482 719 1520 vita
750 1483 887 1536 patrio
918 1494 1114 1536 corpore,

169 1559 331 1613 Agrum
362 1556 403 1596 se
432 1556 694 1602 vendidiss'e‚
721 1568 850 1612 atque
880 1571 928 1598 ea
952 1559 1137 1612 pecunia

171 1632 354 1677 Nauim‚
399 1640 602 1672 metretas
637 1645 748 1687 quae
780 1643 988 1673 trecentas
1014 1634 1198 1679 tolleret,

170 1708 354 1753 Paraffe‚
384 1718 511 1762 atque
541 1705 664 1762 eapse
695 1720 859 1748 merces
887 1719 1108 1749 vectatum
1139 1707 1359 1764 vndiquet

171 1785 291 1826 Adeo
323 1783 452 1828 dum,
483 1795 594 1837 quae
624 1792 718 1822 tum
746 1783 946 1830 haberet,
980 1783 1203 1840 peperilfet
1231 1783 1359 1824 bona.

172 1859 248 1898 Me
273 1858 391 1897 idem
421 1857 586 1904 decere,
626 1858 668 1903 fi,
697 1867 746 1897 vt
777 1858 947 1899 deceret
975 1874 1061 1905 me,
1093 1857 1246 1899 forem.

172 1934 265 1989 Ego
295 1946 366 1973 me
396 1934 472 1972 vbi
503 1931 696 1973 inuisum
723 1947 820 1975 meo
848 1935 960 1989 patri
991 1933 1072 1974 effe
1104 1935 1320 1989 intellego,

173 2010 314 2063 Atque
343 2008 445 2048 odio
476 2008 556 2047 effe
587 2021 674 2053 me,
705 2010 810 2063 quoi
838 2010 1005 2065 placere
1037 2022 1222 2064 aequom
1247 2006 1346 2055 fuit,

173 2085 334 2126 Amens
365 2096 599 2137 amansque
626 2093 675 2122 vt
702 2093 750 2122 vt
776 2085 971 2124 animum
1005 2070 1186 2130 obfirmo
1211 2096 1377 2130 meum,

174 2161 286 2200 Dico
313 2157 393 2198 effe
421 2160 586 2198 iturum
612 2171 684 2197 me
711 2170 978 2206 mercatum,
1010 2161 1036 2198 fi
1068 2159 1198 2199 velit:

175 2236 378 2276 Amorem
405 2232 576 2273 millum
610 2232 748 2274 facere
779 2247 870 2282 me,
914 2234 1019 2274 dum
1047 2233 1113 2272 illi
1145 2229 1366 2287 obsequar.

172 2311 273 2366 Agit
302 2310 454 2365 gratias
482 2308 618 2354 mihi,
647 2319 777 2363 atque
806 2311 1032 2364 ingenium
1063 2306 1261 2347 adlaudat
1291 2319 1454 2348 meum.

175 2385 261 2425 Sed
287 2398 384 2424 mea
412 2383 608 2438 promiffa
636 2398 724 2424 non
754 2385 943 2440 neglexit
966 2381 1175 2439 persequi.

174 2457 384 2500 Aedificat
411 2458 561 2498 nauim
594 2457 830 2498 Cercurum
859 2469 901 2499 et
926 2471 1089 2498 merces
1118 2455 1247 2495 emit:

173 2535 323 2574 Parata
350 2533 477 2578 naui,
515 2533 701 2586 inponit,
738 2543 956 2589 praeterea
981 2532 1092 2572 mihi

100 2604 131 2661 θ’
173 2610 407 2665 Talentum
433 2610 600 2662 argenti
625 2607 740 2662 ipsus
768 2608 839 2650 sua
871 2608 1127 2648 adnumerat
1155 2619 1311 2648 manu:

171 2683 349 2723 Seruom
378 2695 462 2721 vna
487 2683 641 2737 mittit,
672 2685 748 2737 qui
779 2685 888 2724 olim·
914 2697 935 2723 a
965 2694 1100 2737 puero
1127 2685 1312 2738 paruulo

1626 510 1678 551 60
1723 520 1742 535 '⁴

1626 1271 1680 1309 70
