1742 2924
140 155 272 200 '262
700 137 1171 202 elsa-annaniae

181 274 275 315 Visa
307 286 463 316 amare.
501 276 588 317 LE.
611 272 716 314 Istoc
740 287 842 330 ergo
867 288 988 315 aures
1017 276 1206 329 grauiter
1237 274 1434 326 obtundo
1461 283 1570 322 tuas,
1612 290 1693 319 120

185 351 252 393 Ne
282 365 415 411 quem
447 364 578 393 ameS.
610 348 680 390 abi
711 351 838 390 intro.
892 352 975 393 Gr.
1006 349 1235 405 Numquid
1271 350 1477 405 me-vis?
1524 335 1623 392 Les
1639 351 1693 390 Vt

1066 421 1242 461 valeas.v
1275 421 1358 462 Gr.
1383 422 1497 461 Vale.

560 558 811 600 ACTVS
863 560 894 600 Ι.
965 558 1215 600 SCENA
1268 558 1332 598 11.

842 653 1043 695 LENm

249 726 369 767 Idem
399 729 534 774 mihi,
567 741 750 783 magnae
779 730 898 784 quod
927 729 1038 784 parti
1069 727 1125 769 est
1155 729 1312 768 vitium
1340 728 1591 775 mulierum,

197 802 320 853 Quae
350 804 467 843 hunc
496 804 716 860 quaestum
740 803 946 846 facimus:
977 817 1086 860 quae
1119 805 1195 844 vbi
1223 804 1460 844 saburratae
1485 803 1647 850 sumus,

195 878 481 934 Largiloquae
513 881 731 935 extemplo
764 880 932 921 sumus:
974 881 1070 936 plus
1100 869 1334 935 loquimui‘,
1373 893 1503 934 quam
1542 878 1602 919 sat
1633 877 1702 919 est.

197 954 309 995 Nam
341 955 468 995 illanc
497 969 576 1011 ego
610 958 731 1009 olim,
763 969 871 1011 quae
902 957 1007 996 hinc
1037 955 1146 995 flens
1177 957 1298 1002 abiit,
1335 956 1558 1009 pai-uolam

196 1029 394 1070 Puellam
425 1033 663 1086 proiectam
693 1046 743 1070 ex
774 1034 1001 1087 angiportu
1034 1032 1200 1072 sustuli.
1543 1068 1549 1081 ,
1683 1044 1706 1080 5

199 1096 460 1147 Adolescens
491 1109 668 1163 quidam
700 1109 771 1148 hic
802 1107 856 1147 est
886 1107 1078 1162 adprime
1104 1107 1279 1154 nobilis,

203 1181 343 1235 (Quin
375 1195 454 1237 ego
484 1197 603 1225 nunc
632 1185 729 1239 quia
762 1182 854 1224 sum
884 1183 1031 1223 onusta
1062 1196 1155 1223 mea
1183 1196 1234 1224 ex
1266 1182 1490 1228 sententia,

204 1256 409 1313 Quiaque
438 1260 544 1299 adeo
573 1273 644 1298 me
675 1260 894 1314 compleui
925 1259 1029 1298 flore
1058 1259 1217 1304 Liberi,

202 1331 346 1387 Magis
380 1335 512 1374 libera
546 1338 610 1376 vti
642 1337 789 1390 lingua
822 1336 1084 1376 conlibitum
1115 1332 1170 1373 est
1197 1334 1335 1374 mihi:

204 1408 370 1448 Tacere
398 1423 569 1464 nequeo
601 1410 772 1457 misera,
804 1410 920 1465 quod
951 1412 1083 1458 tacito
1111 1409 1211 1449 vsus
1240 1408 1330 1460 est.)
1666 1424 1718 1452 10

206 1483 397 1536 Sicyone
428 1486 596 1528 summo
623 1501 779 1543 genere
813 1489 853 1526 ei
883 1488 999 1526 viuit
1025 1497 1159 1540 pater.

191 1559 249 1600 .1s
281 1574 428 1600 amore
457 1561 610 1602 misere
638 1564 752 1602 hanc
787 1562 957 1617 deperit
987 1560 1333 1605 mulierculam,

211 1634 336 1687 Quae
361 1636 465 1677 hinc
496 1639 630 1678 modo
665 1638 773 1678 flens
807 1638 926 1677 abiit.
957 1647 1103 1677 contra
1142 1648 1287 1675 amore
1320 1634 1428 1675 haec
1455 1632 1622 1689 perdita
1651 1632 1720 1674 est.

184 1710 319 1750 ‘Eam
350 1725 473 1759 meae
502 1726 582 1769 ego
610 1715 775 1754 amicae
807 1713 924 1753 dono
952 1714 1056 1753 huic
1086 1711 1305 1752 meretrici
1337 1708 1462 1757 dedi;

211 1773 347 1839 Quod
376 1786 498 1843 saepe
524 1802 699 1829 mecum
731 1790 1004 1829 mentionem
1034 1786 1199 1831 fecerit,
1422 1794 1441 1833 ,⁴
1670 1798 1721 1836 15

210 1862 402 1902 Puerum
433 1873 507 1903 aut
540 1866 733 1920 puellam*
761 1865 961 1905 alicunde
990 1875 1038 1904 vt
1068 1863 1304 1916 reperirem
1329 1860 1405 1900 fibi

211 1938 382 1978 Recens
412 1949 580 1987 natum,
616 1939 739 1995 eapse
767 1940 886 1996 quod
915 1940 991 1979 fibi
1016 1938 1290 1992 subponeret.

213 2014 296 2054 Vbi
327 2016 438 2055 mihi
469 2016 649 2070 potestas
678 2018 871 2071 primum
902 2018 1075 2062 euenit,
1111 2014 1239 2061 illico,

211 2088 316 2129 Feci
346 2090 441 2130 eius
476 2092 556 2138 eii,
588 2092 708 2147 quod
739 2105 811 2131 me
846 2093 1009 2135 orauit,
1039 2090 1226 2142 copiam:

214 2165 446 2222 Postquam
470 2168 659 2221 puellam
687 2181 783 2207 eam
811 2180 834 2206 a
861 2179 934 2206 me
963 2165 1146 2219 adcepit,
1178 2162 1296 2202 illico
1674 2173 1730 2202 20

216 2242 429 2282 Eamdem
453 2243 642 2298 puellam
670 2244 850 2297 peperit,
881 2253 1012 2296 quam
1041 2253 1063 2277 a
1089 2251 1159 2277 me
1187 2236 1426 2290 adceperat,

219 2317 324 2358 Sine
356 2317 597 2358 obstetricis
626 2331 779 2371 opera,
809 2327 853 2359 et
883 2318 969 2358 fine
1003 2314 1241 2357 doloribus,

216 2394 330 2433 Item
360 2401 410 2433 vt
435 2394 542 2434 aliae
569 2395 761 2448 pariunt,
791 2406 900 2448 quae
931 2391 1095 2432 malum
1127 2395 1339 2443 quaerunt
1366 2383 1454 2424 fibi.

218 2470 335 2511 Nam
361 2481 595 2511 amatorem
626 2470 765 2507 aiebat
792 2468 871 2508 effe
902 2466 1179 2522 peregrinum
1207 2463 1298 2519 fibi.

222 2539 571 2600 Subpofitidnem
601 2546 695 2584 eius
724 2545 788 2583 rei
817 2541 958 2583 facere
988 2540 1136 2596 gratia.
1681 2545 1733 2584 25

221 2623 410 2666 Idduae
439 2622 519 2662 nos
547 2619 660 2660 solae
689 2617 870 2658 scimus:
910 2630 1013 2671 ego,
1043 2627 1153 2670 quae
1182 2612 1246 2651 illi
1275 2609 1391 2654 dedi,

190 2750 194 2756 1
224 2702 282 2744 Et
306 2701 401 2745 illa,
431 2711 540 2753 quae
571 2709 593 2736 a
623 2708 693 2749 1119
723 2694 906 2747 adcep‘it.
938 2698 1104 2747 praeter
1133 2700 1210 2729 vos
1242 2686 1419 2742 quidem
