1742 2924
115 124 207 183 558
383 159 385 162 -
689 140 1019 189 ‘rszvnom

52 234 55 238 s
110 245 206 301 'Qui
230 247 389 288 volunt
419 255 474 288 te.
521 248 614 290 BA.
649 247 768 303 Quid
796 251 883 289 hoc
908 247 996 289 est‘?
1031 249 1128 305 quis
1159 249 1226 298 est,
1257 251 1332 305 qui
1361 261 1525 292 moram
1554 255 1627 294 ob-

540 310 542 315 ,
794 311 950 380 cupato
980 319 1197 365 molestam
1229 319 1421 367 o‘btulit‘?

121 394 205 439 CA.
237 396 326 451 Qui
358 397 437 437 tibi
468 395 674 453 [ospitalis
706 396 802 439 fuit.
864 403 956 443 BA.
987 401 1190 441 Mortuus
1222 401 1291 449 est,
1321 404 1396 459 qui
1416 401 1520 444 fuit:
1553 406 1651 460 qui>

797 474 866 522 est,
882 478 1026 517 ·viuos
1055 477 1123 518 est.

120 545 202 587 1²³.
234 545 377 588 Nimis
405 545 601 603 superbe.
660 552 753 592 ΒΛ.
782 552 926 592 Nimis
956 552 1171 593 molestus.
1239 553 1320 594 CA.
1349 553 1633 609 Reprehende

792 628 1041 668 hominem:
1071 628 1311 684 adsequere.
1420 622 1426 628 ⁸

121 701 216 744 BA,
247 701 279 749 I,
305 714 454 757 puere.
516 706 597 745 ΡΒ.
628 703 899 745 Adcedamus
929 706 1010 745 hac
1033 706 1223 745 obuiam.
1279 707 1372 746 BA.
1403 705 1566 761 Iupiter
1592 713 1637 746 te

682 769 687 775 ⁸
802 781 967 835 perdat,
996 780 1193 835 quisquis
1219 793 1277 821 ee.
1585 794 1636 819 το

125 851 207 892 Ps.
239 851 304 893 Te
334 854 450 894 volo.
511 856 602 895 BA.
631 855 685 896 At
714 869 792 896 vos
826 869 906 912 ego
939 856 1102 897 ambos.
1137 866 1260 897 vorte
1287 856 1368 895 hac
1405 864 1460 903 te,
1491 869 1635 912 puere.

804 934 884 973 Ps.
917 933 1017 972 Non
1049 934 1152 974 licet

124 999 348 1058 Conloqui
377 1004 451 1047 te?
509 1007 604 1048 BA.
633 1006 687 1046 At
711 1007 824 1049 mihi
862 997 956 1049 ⁴non
994 1010 1126 1050 lubet.
1194 1009 1274 1052 CA.
1313 1011 1390 1051 Sin
1428 1022 1549 1052 tuam
1585 1011 1645 1052 est

803 1083 1027 1139 quidpiam
1058 1086 1105 1124 in
1134 1086 1258 1127 rem?
1317 1090 1406 1128 BA.
1438 1089 1561 1127 Licet

125 1158 193 1199 Ne
224 1159 400 1201 obsecro
437 1162 611 1209 viuere,
657 1174 711 1202 an
755 1174 845 1201 non
882 1161 1016 1201 licet?
1075 1164 1154 1202 Ps.
1187 1163 1299 1210 Vah,
1330 1173 1492 1203 manta.
1546 1150 1640 1204 BA.

811 1237 989 1277 Omitte.
1055 1237 1135 1278 CA.
1170 1238 1325 1295 bailio,
1363 1243 1366 1247 ’

124 1308 253 1350 Audi.
300 1312 391 1350 BA.
425 1310 589 1352 Surdus
616 1311 732 1357 sum,
764 1311 958 1367 profecto
994 1314 1242 1368 inanilogus
1281 1327 1339 1353 es.
1404 1313 1485 1355 CA.
1516 1313 1644 1360 Dedi,

805 1388 911 1427 dum
940 1386 1038 1428 fuit.
1561 1412 1574 1423 κ

120 1460 223 1518 BA.
253 1459 355 1500 Non
385 1469 501 1516 peto,
533 1461 652 1516 quod
682 1462 846 1503 dedisti.
906 1462 986 1504 CA.
1019 1463 1166 1509 Dabo,
1199 1461 1372 1518 quando
1406 1466 1499 1504 erit.
1552 1465 1644 1506 BA.

809 1539 989 1584 Ducito,
1595 1553 1642 1590 κς

133 1611 325 1666 Quando
345 1612 539 1652 habebis.
570 1613 650 1654 CA.
675 1614 771 1654 Heu
787 1614 888 1661 heu,
909 1628 1037 1670 quam
1057 1628 1135 1669 ego
1154 1606 1279 1654 malis
1297 1613 1464 1669 perdidi
1489 1615 1647 1662 modis,

132 1686 266 1741 Quod
313 1688 393 1728 tibi
432 1688 570 1728 detuli
612 1699 654 1729 et
697 1689 815 1745 quod
855 1689 978 1730 dedi!
1052 1693 1145 1732 ΒΛ.
1186 1689 1359 1730 Mortua
1397 1703 1468 1736 re,
1514 1692 1646 1733 verba

812 1779 931 1807 nunc
962 1756 1085 1806 facis.-

135 1841 302 1884 Stultus
333 1857 392 1891 eS‚
421 1857 515 1884 rem
547 1854 684 1884 actam
712 1845 815 1898 agis.
879 1845 958 1882 Ps.
983 1842 1121 1883 Nosce
1149 1841 1297 1883 saltem
1322 1843 1441 1884 hunc
1469 1831 1545 1900 {lui
1577 1845 1646 1886 est.

807 1920 900 1958 BA.
934 1919 1023 1957 Iam
1050 1918 1126 1958 diu

99 1995 102 1998 ’
135 1992 236 2034 Scio
266 1994 342 2049 qui
372 1992 478 2034 fuit:
515 2007 636 2034 nunc
664 1996 760 2049 quis
788 1993 843 2033 est
874 1995 922 2040 is,
954 1992 1070 2049 ipsus
1100 1992 1216 2034 sciat.
1244 1995 1416 2034 ambula
1447 2003 1508 2035 tu.
1571 1986 1574 1992 ¹

137 2071 219 2110 Ps.
241 2070 384 2109 Potin'
410 2080 456 2108 vt
478 2070 604 2110 semel
621 2071 768 2116 modo,
790 2071 942 2116 Ballio,
962 2072 1050 2110 huc
1070 2083 1170 2110 cum
1191 2069 1307 2108 lucro
1327 2068 1563 2124 respicias?
1598 2085 1649 2120 30
1709 2067 1722 2075 ⁷

138 2146 233 2186 BA.
259 2144 502 2199 Respiciam
538 2145 638 2186 istoc
666 2147 828 2200 pretio:
869 2159 971 2185 nam
1003 2146 1029 2184 fi
1063 2143 1309 2185 sacruficem
1341 2144 1507 2201 summo
1539 2147 1649 2194 Iovi,

139 2223 280 2278 Atque
309 2223 353 2260 in
390 2215 594 2262 rhauibus
625 2233 719 2262 exta
753 2230 940 2268 teneam,
970 2231 1018 2261 vt
1047 2221 1290 2274 porriciam,
1308 2220 1484 2260 -interea
1510 2222 1595 2261 loci

141 2297 187 2337 Si
218 2298 330 2337 lucri
361 2297 465 2352 quid
485 2297 637 2344 detur,
668 2299 815 2352 potius
844 2311 935 2337 rem
966 2297 1162 2336 diuinam
1193 2293 1394 2335 deseram.

141 2376 223 2414 Ps.
259 2374 359 2414 Non
391 2372 526 2427 potest
553 2375 712 2428 pietate
743 2371 879 2412 obsisti
907 2374 1026 2418 huic,
1057 2381 1106 2411 vt
1131 2385 1196 2412 res
1227 2369 1324 2411 sunt
1354 2368 1542 2412 ceterae!

139 2451 257 2491 Deos
288 2448 488 2504 quidem,
527 2462 636 2503 quos
676 2430 1092 2503 maxume'aequom
1123 2446 1179 2488 est
1205 2455 1421 2493 metuere,
1466 2460 1540 2487 eos
1569 2447 1651 2486 mi-

816 2525 928 2564 nimi
959 2510 1076 2564 facifi.
1535 2531 1540 2536 ’
1600 2535 1648 2572 35

145 2602 239 2642 BA.
273 2601 582 2656 Compellabo:
624 2598 738 2639 salue
766 2595 980 2645 multum,
1010 2597 1129 2637 serue
1158 2597 1339 2637 Athenis
1367 2596 1568 2651 peffume.

145 2678 226 2718 Ps.
260 2678 318 2717 Di
353 2688 393 2719 te
420 2678 619 2734 Deaeque
651 2686 798 2716 ament
823 2676 894 2716 vel
922 2675 1052 2715 huius
1083 2673 1302 2720 arbitratu,
1330 2674 1400 2712 vel
1429 2684 1551 2713 meo:
1578 2687 1583 2693 Χ
