1742 2924
496 189 662 226 icrvs
693 167 754 225 n.
810 175 975 223 'scum
1004 174 1066 223 V.
1094 174 1178 225 vl.
1487 185 1581 230 233

28 307 33 311 ’
106 297 184 340 Gt..
208 294 349 340 credo
381 295 539 338 ecastor
569 297 712 366 pellet.
764 294 853 337 Gn.
879 295 936 336 At
961 296 1037 349 pol
1072 307 1152 350 ego
1182 293 1296 334 haud
1327 294 1476 343 credo,
1510 295 1584 339 red

988 373 1104 404 certo
1133 362 1234 404 [cio.

14 437 19 466 ¹
103 440 174 493 Sa:-
185 439 289 480 Plus
302 439 515 482 artificum
530 435 588 479 est
599 440 663 479 mi
678 451 806 494 quam
823 439 956 486 rebar,
968 439 1153 479 ariolum
1166 441 1286 479 hunc
1301 439 1439 481 habeo
1453 440 1586 484 domi.

101 514 394 569 (Olympioni)
434 516 554 572 Quid
593 515 621 554 fi
663 516 841 570 propius
885 514 1137 556 adtollamua
1178 516 1311 570 figna‚
1355 528 1588 574 eamusque

985 583 1195 625 obuiam?
1562 603 1587 641 ς

102 661 302 716 Sequere.
317 665 473 715 ’(υκονί
486 658 739 716 ἀιῸΙιαΖίηο)
767 663 874 719 quid
896 674 974 701 vos
1002 658 1157 715 agitis?
1189 656 1274 699 Cn.
1297 659 1461 702 Adsunt
1475 677 1586 719 quae

255 780 259 789 Ι
452 782 458 785 “
988 728 1248 784 imperauisti
1281 734 1441 779 omnia,

102 806 229 852 onr,
257 805 410 854 sortes,
447 807 587 857 fitula,
625 818 752 863 atque
778 816 960 862 egomet.
1021 806 1090 845 Sr.
1123 805 1189 844 Te
1218 818 1304 847 vno
1338 807 1450 847 adest
1475 810 1586 864 plus,

991 888 1120 928 quam
1142 887 1221 928 ego
1251 874 1368 915 volo.

27 1004 30 1008 .
103 947 190 991 Cn.
202 951 306 991 Tibi
318 949 496 1004 quidem
508 949 662 1005 edepol
677 951 735 989 ita
749 949 941 989 videtur:
963 948 1155 988 stimulus
1170 961 1248 1004 ego
1262 962 1383 990 nunc
1395 949 1488 991 sum
1502 953 1605 993 tibi..

100 1026 165 1066 Eo
193 1025 306 1071 dico,
334 1026 555 1066 corculum
583 1021 804 1064 adsudaffit
831 1025 917 1063 iam
950 1036 1001 1062 ex
1037 1034 1170 1064 metu.
1229 1026 1298 1065 ST.
1326 1025 1536 1081 Mastigia!

0 1089 22 1133 ²2¹
106 1101 183 1141 CL.
210 1101 325 1140 Tace
349 1099 543 1140 Chaline.
574 1101 811 1155 comprime
835 1097 960 1138 istum
978 1121 1035 1128 —
1067 1099 1150 1138 01..
1180 1100 1318 1141 Immo
1339 1101 1488 1150 istunc,
1514 1105 1591 1159 qui

995 1167 1149 1208 didicit
1188 1168 1300 1209 dare.
1538 1189 1593 1218 10

104 1247 175 1287 Sr.
194 1246 380 1302 {Adpone
400 1246 474 1299 hic
493 1247 679 1294 menam,
706 1246 839 1287 [ortes
858 1245 963 1285 cedo
983 1243 1117 1283 mihi:
1145 1244 1341 1284 animum
1365 1244 1591 1290 adum-tite.

102 1309 242 1377 Atque
273 1334 354 1376 ego
383 1321 528 1363 censui
557 1323 631 1363 abs
667 1334 709 1363 te
731 1322 846 1377 poffe
874 1322 960 1362 hoc
988 1333 1059 1360 me
1090 1320 1319 1374 inpetrare,
1348 1335 1454 1362 vxor
1481 1336 1590 1371 mea.

102 1398 249 1439 Casina
278 1408 328 1437 vt
359 1411 465 1437 vxor
492 1398 602 1436 mihi
630 1397 820 1437 daretur:
850 1407 892 1436 et
919 1408 1037 1436 nunc
1066 1395 1196 1434 etiam
1224 1396 1389 1437 censeo.

35 1487 42 1489 “
106 1475 184 1515 CL.
197 1473 299 1512 Tibi
319 1472 489 1512 daretur
505 1472 606 1512 illa?
638 1472 707 1531 ST·
721 1472 836 1511 Mihi
854 1471 1003 1511 enim?
1036 1471 1103 1516 ah,
1119 1483 1208 1510 non
1228 1472 1413 1524 idyolui
1430 1473 1594 1514 dicere:

104 1551 224 1590 Dum
252 1548 363 1588 inihi
391 1548 538 1594 volui,
576 1547 684 1587 huic
717 1546 829 1588 dixi:
875 1556 1002 1602 atque
1035 1546 1141 1586 adeo
1176 1545 1280 1586 dum
1311 1547 1595 1603 mihi1cupio‚
1628 1557 1642 1562 ‘

993 1628 1216 1672 perperam
1545 1634 1597 1672 13

21 1712 23 1715 ·
106 1694 195 1733 Iam
220 1691 397 1737 dudum,
420 1691 577 1737 hercle,
591 1689 774 1732 fabulor.
809 1690 884 1732 CL.
906 1690 986 1732 Pol
1007 1700 1055 1731 tu
1084 1691 1287 1746 quidem;
1317 1703 1443 1749 atque
1467 1694 1598 1735 etiam

998 1760 1118 1801 facis.

107 1832 177 1872 δι’.
208 1831 348 1878 Huic,
378 1830 514 1869 immo
541 1830 687 1870 hercle
713 1832 838 1871 mihi.
870 1831 978 1877 vah,
1008 1830 1182 1870 tandem
1209 1830 1321 1872 redii
1351 1833 1426 1873 vix
1451 1848 1598 1878 veram

1000 1912 1048 1938 ln
1075 1911 1204 1938 Vlam.

110 1978 188 2019 CL.
204 1978 286 2018 Per
300 1978 375 2031 pol
390 1978 510 2032 saepe
525 1991 690 2034 peccas.
715 1979 784 2020 δι’.
801 1979 861 2019 Ita
876 1977 944 2020 fit,
961 1975 1039 2014 vbi
1056 1973 1162 2030 quid
1178 1973 1399 2030 tantopeie
1416 1990 1599 2034 expetas,

111 2053 197 2094 Sed
227 2063 269 2093 te
306 2062 486 2109 vterque
517 2052 593 2094 suo
623 2068 700 2109 pro
737 2055 853 2099 iure,
890 2063 972 2106 ego
1004 2059 1134 2104 atque
1164 2050 1240 2089 hic
1275 2064 1461 2093 oramus.
1519 2056 1607 2096 Gt...

1042 2118 1121 2161 uid
1146 2118 1235 2158 est?

102 2194 183 2238 'sn
214 2196 370 2236 Dicam
397 2197 540 2242 enim,
583 2208 680 2236 mea
717 2194 875 2243 mulsa,
922 2194 975 2235 de
1001 2120 1111 2234 <i21‘tac
1136 2194 1285 2234 canna
1322 2194 1428 2236 huic
1462 2197 1602 2240 nostro

1002 2265 1151 2305 villico
1547 2285 1602 2314 20

114 2337 302 2378 Gratiam
322 2335 465 2376 facias.
498 2337 575 2378 Gt..
603 2337 657 2377 At
681 2339 754 2392 pol
788 2350 866 2393 ego
893 2350 1033 2393 neque
1056 2337 1184 2384 facio,
1209 2349 1351 2392 neque
1380 2338 1545 2382 censeo.

116 2413 189 2453 Sr.
212 2412 328 2452 Tum
352 2413 486 2466 igitur
510 2425 591 2466 ego
616 2411 739 2452 sortis
764 2414 984 2468 Vtrimque
1013 2414 1112 2454 iam.
1162 2414 1238 2454 Cr„
1265 2413 1376 2467 Quis
1400 2415 1550 2456 vetat?

116 2489 187 2528 Sr.
217 2487 456 2542 Optumum
485 2496 609 2540 atque
629 2487 940 2542 aequiss'umum
965 2486 1071 2527 istud
1093 2487 1187 2533 effe,
1212 2488 1305 2527 iure
1331 2488 1494 2530 iudico.

113 2561 340 2617 Postumio,
369 2561 396 2600 fi
419 2561 523 2600 illuc
553 2561 669 2615 quod
700 2563 902 2602 volumus
930 2564 1119 2608 eueniet,
1148 2563 1458 2618 gaudebimus:

119 2637 195 2677 Sin
225 2636 371 2682 secus,
410 2637 623 2691 patiemur
663 2638 820 2678 animis
858 2639 1020 2694 aequis.
1064 2637 1358 2692 (Olympioni)
1395 2649 1494 2679 tene
1525 2636 1607 2678 sor·

185 2715 190 2719 “
1005 2716 1092 2747 tem
1127 2707 1220 2749 tibi.
1555 2720 1605 2759 ες
