1742 2924
144 225 236 280 258
664 180 1131 250 cisTnL'LAmA‘z

144 345 280 387 Amo,
313 344 356 378 et
386 344 439 372 eo
469 341 492 368 a
517 339 588 366 me
620 331 824 376 magnam
854 312 989 354 inistis
1020 311 1212 366 gratiam.

157 421 240 462 Gy.
273 413 355 455 Pol
384 407 486 449 istoc
515 399 693 458 quidem
721 407 801 434 nos
832 391 971 447 pretio
1002 386 1128 428 facile
1161 384 1217 426 est

149 480 443 549 Fre-quentare
477 479 582 522 tibi,
611 473 827 525 vtilesque
855 468 1036 508 habere:
1610 469 1664 499 10

150 574 214 613 Ita
250 570 296 606 in
324 558 506 618 prandio
537 565 618 593 nos
652 546 796 604 lepide
827 554 953 597 atque
986 539 1127 579 nitide
1384 532 1401 549 ²

155 639 372 697 Adcepisti
401 631 515 689 apud
545 638 613 674 te,
654 635 703 664 vt
734 621 898 675 semper
925 614 1268 656 meminerimus.

150 726 231 785 ¹81.
262 713 538 763 Lubentique
571 700 726 756 edepol
755 698 899 738 auimo
933 691 1118 736 factum,
1152 698 1194 727 et
1222 685 1296 724 flet
1325 700 1346 725 a
1377 698 1462 731 me,

161 800 285 854 Quae
315 803 393 831 vos
426 780 665 825 arbitrabor
702 774 834 817 velle,
875 783 921 810 ea
955 776 1005 806 vt
1034 773 1241 820 expetam.

161 879 249 919 LE.
282 864 413 924 Quod
440 861 512 900 ille
547 855 680 899 dixit,
710 850 788 905 qui
817 843 1004 892 secundo
1033 850 1166 880 vento
1196 848 1346 878 vectus
1379 833 1448 880 est,
1620 845 1673 884 15
1723 845 1726 847 -

162 941 417 1000 Tranquillo
450 934 580 978 mari,
614 935 796 968 ventum
829 920 996 978 gaudeo
1025 916 1183 957 ecastor
1215 912 1267 953 ad
1296 923 1362 952 te:

162 1030 229 1070 Ita
255 1018 390 1062 hodie
419 1014 495 1053 hic
523 1007 726 1059 adceptae
758 998 904 1040 [umus
930 994 1133 1034 suanibus
1167 988 1333 1035 modis;

168 1102 289 1146 Nec,
319 1093 397 1135 nifi
425 1085 682 1142 displicina,
713 1075 827 1131 apud
856 1082 899 1112 te
927 1069 1013 1111 fuit
1041 1068 1282 1123 quidquam

166 1179 259 1223 Ibi,
289 1171 397 1228 quin
423 1163 537 1204 mihi
564 1159 764 1213 placeret.
832 1150 895 1190 St.
929 1145 1048 1199 Quid
1083 1145 1163 1189 ita,
1194 1140 1381 1181 amabo?
1429 1143 1437 1145 *

169 1256 257 1299 LE·
288 1250 402 1288 Raro
431 1237 620 1280 nimium
640 1231 767 1271 dabat
789 1224 907 1282 quod
932 1222 1148 1262 biberem:
1181 1228 1308 1273 atque
1330 1216 1376 1256 id
1404 1228 1576 1256 merum
1627 1229 1683 1259 20

168 1323 441 1373 Infuscabat.-
500 1313 582 1354 Gr.
613 1307 800 1356 Amabo,
833 1299 1007 1342 hiccine
1034 1294 1143 1334 istud
1178 1291 1333 1332 decet?

174 1408 262 1450 LE,
293 1401 449 1451 Iusque
478 1388 627 1441 fasque
658 1380 736 1421 est:
769 1388 899 1417 nemo
930 1374 1095 1414 alienus
1123 1371 1196 1409 hic
1225 1367 1294 1407 est.
1362 1368 1426 1413 SI·
1457 1366 1619 1406 Merito

173 1472 317 1523 Vestro
346 1467 444 1513 am'o
472 1476 567 1508 vos,
599 1461 699 1515 quia
728 1467 799 1495 me
829 1450 973 1492 colitis
1004 1456 1047 1487 et
1076 1442 1382 1499 magnifacitiS.

177 1560 265 1602 LE.
293 1553 433 1591 Decet
459 1540 555 1598 pol,
586 1546 684 1577 mea
714 1527 951 1572 Silenium,
984 1525 1103 1563 hunc
1135 1520 1214 1560 effe
1244 1519 1444 1560 ordinem

172 1626 497 1675 Beneuolentes
528 1617 640 1654 inter
667 1607 732 1653 se,
763 1604 964 1655 beneque
988 1586 1184 1639 *amicitia
1209 1594 1344 1637 vtjer:
1637 1600 1688 1639 25

175 1709 260 1751 Vbi
292 1702 386 1744 istas
413 1693 561 1736 videas
595 1686 763 1727 summo
794 1690 951 1734 genere
981 1683 1115 1717 natas,

180 1785 428 1830 Summates
458 1774 699 1810 matronas,
732 1765 781 1796 vt
808 1748 1241 1795 amicitiamcolunt,

132 1865 148 1907 ἶ
181 1861 322 1913 Atque
351 1859 400 1891 vt
429 1858 525 1887 eam
554 1843 748 1879 iunctam
781 1831 893 1869 bene
921 1826 1083 1865 habent
1111 1807 1223 1862 inter
1254 1819 1310 1860 fe.
1371 1822 1378 1828 “

182 1936 230 1987 Si
264 1930 381 1971 idem
410 1919 523 1963 istud
551 1927 630 1954 nos
660 1910 888 1952 faciamus,
921 1903 946 1942 fi
975 1901 1093 1941 idem
1120 1898 1355 1941 imitemur,

366 2013 420 2041 en
450 1996 526 2035 vix
553 1989 747 2033 viuimus
779 1995 879 2023 cum
908 1976 1077 2017 inuidia
1107 1972 1286 2012 summa.
1643 1981 1696 2017 30

186 2083 373 2128 Suarum
402 2084 536 2129 opum
565 2078 646 2106 nos
675 2061 831 2102 volunt
861 2054 940 2095 effe
971 2050 1231 2104 indigentes.

186 2149 495 2204 Nostracopia
525 2141 663 2184 nihilo
695 2137 855 2176 volunt
883 2142 964 2170 nos
998 2117 1172 2182 potesse,
1207 2132 1214 2138 ³

189 2237 353 2288 Suique
386 2223 588 2267 omnium
619 2225 765 2255 rerum
793 2220 873 2249 nos
900 2186 1110 2257 indig'ere,

188 2313 244 2352 Vt
275 2307 351 2347 fibi
381 2303 508 2342 fimus
538 2291 766 2345 subplices.
800 2296 870 2324 eas
905 2281 932 2319 fi
963 2278 1104 2322 adeas,

189 2387 371 2430 Abitum
398 2386 529 2434 quam
555 2368 721 2409 aditum
751 2360 889 2402 malis.
919 2357 980 2396 ita
1008 2350 1149 2392 nostro
1181 2323 1327 2388 ordini
1584 2362 1586 2373 ,
1646 2352 1696 2390 35

191 2463 341 2505 Palam
369 2434 841 2495 blandiuntursclam,
873 2433 900 2472 fi
929 2429 1088 2471 occaiio
1118 2435 1300 2478 vsquam
1328 2416 1398 2465 est,

195 2541 362 2593 Aquam
392 2523 596 2582 frigidam
626 2512 802 2557 subdole
834 2499 1131 2550 subfundunt!

196 2613 311 2655 Viris
341 2617 443 2647 cum
478 2599 565 2639 suis
590 2589 839 2650 praedicant
873 2595 954 2623 nos
985 2578 1142 2622 solemn

201 2690 307 2730 suas
336 2680 512 2738 pellices
543 2669 623 2712 ess'e
651 2666 796 2710 aiunt3
837 2666 944 2700 eunt
973 2648 1227 2709 depreffutm
