1742 2924
118 159 212 207 550
618 126 1077 203 ‘mencaro'ms

67 309 72 312 ,
115 268 206 310 Er.
252 266 366 309 Nam
403 269 433 308 fi
477 282 530 311 eo
572 279 617 312 te
656 269 935 316 introducam
962 297 1019 306 -—-
1082 273 1168 316 Gn.
1207 276 1337 331 Tollo
1377 277 1626 334 ampullam,
1692 328 1702 331 s

943 358 1073 405 atque
1103 348 1210 392 hinc
1244 365 1310 393 eo.

117 422 208 463 Εν.
222 421 367 468 Mane,
387 434 530 469 mane,
548 422 750 465 Charine.
779 426 864 467 ΟΠ.
877 426 1019 473 Erras,
1041 440 1112 468 me
1133 427 1331 484 decipere
1352 427 1471 473 haud
1489 437 1627 483 potes.

118 499 209 540 Er.
240 499 394 554 Neque
423 499 579 554 edepol
609 502 724 541 volo.
803 501 889 541 Cn.
923 500 1043 557 Quin
1072 512 1121 544 tu
1153 517 1256 560 ergo
1290 502 1422 545 itiner
1458 502 1629 562 exsequi

948 591 1098 618 meum
1126 594 1197 620 me
1227 580 1356 622 finis?

120 650 213 690 Er.
244 648 347 690 Non
387 648 489 690 smo.
562 648 649 689 Cn.
688 649 780 704 Ego
812 664 884 692 me
918 667 1088 703 moror,
1131 666 1179 716 tu
1215 670 1370 713 puere.
1417 653 1488 697 abi
1527 653 1634 698 hinc

949 729 1064 773 intro
1093 731 1228 776 ocius.

123 805 218 845 lam
242 802 290 843 in
319 817 495 845 currum
525 804 711 854 escendi,
743 805 831 846 iam
857 809 946 850 lora
979 808 1027 849 in
1060 824 1216 852 manus
1243 809 1339 864 cepi
1362 822 1494 850 meas.
1533 819 1536 822 ⁴
1582 820 1637 860 9⁰

127 882 219 921 Er.
254 881 394 922 Sanus
424 894 516 922 non
547 894 606 923 ee.
669 884 755 924 Cn.
789 883 930 940 Quin,
974 886 1130 941 pedes,
1174 900 1253 930 vos
1293 884 1341 926 in
1373 883 1637 926 curriculum

955 959 1174 1003 coniicitis
1585 951 1592 959 '

126 1035 181 1076 In
206 1035 403 1090 Cyprum
428 1035 577 1076 recta?
611 1035 970 1094 quandoquidem
999 1048 1119 1093 pater
1146 1035 1258 1078 mihi
1285 1037 1477 1079 exsilium
1505 1046 1640 1095 parat.

127 1113 220 1155 ‚EV-
256 1112 421 1153 Stultus
457 1124 516 1153 es.
556 1111 648 1154 noli
685 1112 792 1155 istuc
830 1113 985 1171 quaeso
1026 1112 1182 1156 dicere.
1245 1114 1329 1156 (211.
1364 1114 1542 1156 Certum
1575 1126 1642 1154 ex-

956 1182 1138 1240 sequi’st‚

130 1255 323 1311 Operam
339 1264 387 1297 vt
407 1253 575 1296 sumam
595 1255 648 1296 ad
671 1251 1062 1313 peruestiganrlum‚
1084 1262 1159 1304 vbi
1181 1264 1229 1305 sit
1251 1264 1388 1307 illaec.
1420 1266 1508 1306 Er.
1523 1247 1646 1321 Quin

963 1330 1084 1374 domi
1113 1333 1182 1374 est.

137 1403 224 1447 Gn.
250 1407 363 1448 Nam
392 1405 466 1448 hic
494 1407 614 1464 quod
634 1407 757 1456 dixit,
788 1405 834 1449 id
862 1406 1110 1450 mentitu'st.
1168 1409 1258 1449 Er.
1279 1410 1387 1450 Vera
1411 1406 1500 1449 dixi
1526 1409 1647 1466 equi-

225 1481 242 1488 *
965 1485 1064 1525 dem
1097 1482 1191 1526 tibi.
1589 1501 1641 1539 95

138 1556 227 1598 cn.
257 1559 348 1598 lam
379 1557 577 1615 Cyprum
600 1560 718 1602 veni.
776 1561 866 1602 Er.
890 1556 1012 1615 Quin
1040 1557 1228 1615 sequere,
1260 1572 1309 1602 vt
1340 1559 1459 1602 illam
1482 1562 1646 1613 videas,

854 1692 859 1697 ¹
965 1651 1097 1692 quam
1134 1635 1311 1692 expetis.

140 1710 228 1752 GH.
255 1712 540 1753 Percontatus
572 1724 664 1751 non
686 1708 853 1753 inueni.
899 1712 989 1752 Er.
1018 1710 1172 1752 Matris
1203 1710 1291 1753 iam
1318 1709 1425 1755 iram
1451 1714 1647 1771 neglego.

143 1786 230 1828 CH.
261 1787 393 1828 Porro
424 1785 672 1844 proficiscor
699 1787 949 1844 quaesitum.
980 1801 1099 1828 nunc
1125 1784 1309 1843 perueni
1329 1785 1594 1829 Chalcidem.

141 1861 280 1904 Video
311 1862 374 1904 ibi
405 1862 618 1920 hospitem
642 1864 887 1916 Zacyntho:
921 1860 1020 1902 dico
1049 1862 1155 1918 quid
1185 1876 1236 1904 eo
1266 1861 1540 1905 aduenerim:

140 1936 302 1994 Rogito
331 1938 428 1996 quis
457 1953 553 1980 eam
577 1935 758 1985 vexerit,
787 1936 886 1994 quis
914 1940 1084 1986 habeat,
1113 1941 1140 1979 si
1167 1937 1229 1982 ibi
1258 1935 1538 1983 iniudiuerit.
1575 1957 1654 1984 100

143 2015 233 2055 Er.
249 2013 370 2069 Quin
390 2027 438 2056 tu
458 2015 553 2057 istas
573 2014 738 2056 omittis
759 2028 911 2071 nugas,
930 2030 978 2058 ac
995 2029 1170 2057 mecum
1189 2019 1279 2058 huc
1296 2013 1408 2057 intro
1431 2018 1655 2060 ambulas?

100 2113 102 2115 ·
147 2088 235 2131 Cu.
269 2089 435 2145 Hospes
461 2091 695 2148 respondit,
729 2093 951 2146 Zacyntho
981 2090 1086 2133 ficos
1115 2090 1209 2133 fieri
1236 2104 1327 2133 non
1356 2093 1502 2133 malas.

148 2166 239 2206 Εν.
274 2163 398 2207 Nihil
432 2170 643 2212 mentitus
679 2170 750 2213 est.
813 2172 900 2212 CH.
941 2167 1028 2208 Sed
1067 2169 1133 2209 de‘
1155 2166 1293 2208 amica
1327 2165 1413 2206 sese
1446 2164 1656 2208 inaudisse

973 2248 1183 2285 autumat,

149 2316 238 2359 Hic
261 2316 441 2359 Athenis
468 2319 562 2360 ess'e.
615 2320 710 2359 Er.
740 2316 920 2358 Calchas
945 2314 1020 2357 iste
1049 2314 1226 2372 quidem
1247 2314 1547 2366 Zacynthiu'st.

152 2394 241 2436 Cu.
267 2393 717 2448 Nauem‘conscendm
743 2391 988 2449 proficiscor
1011 2391 1147 2440 illico,
1178 2389 1265 2432 iam
1291 2387 1386 2430 sum
1407 2389 1543 2439 domi,
1580 2405 1655 2444 xus

151 2473 244 2512 Iam
274 2468 387 2513 redii
417 2467 573 2510 exsilio.
602 2469 715 2509 salue
745 2467 807 2509 mi
836 2465 991 2509 sodalis
1019 2466 1239 2518 Eutyche:
1634 2454 1636 2460 ’

152 2546 205 2587 Vt
234 2542 433 2585 valuisti?
471 2543 601 2601 quid,
631 2556 828 2600 parentes
854 2543 943 2584 mei
965 2541 1152 2586 valent‘31
1181 2553 1313 2581 coena
1345 2539 1548 2583 dabitur?

152 2619 274 2661 Bene
302 2632 446 2666 vocaS,
478 2617 666 2674 benigne
699 2618 831 2661 dicis:
871 2610 959 2660 cras
988 2615 1104 2671 apud
1129 2626 1194 2662 te,
1225 2629 1344 2656 nunc
1373 2614 1508 2657 domi.

155 2696 228 2738 Sic
258 2697 396 2746 decet,
428 2697 482 2738 fic
508 2694 601 2736 fieri
629 2708 811 2752 oportet.
874 2698 967 2739 Er.
994 2694 1104 2742 Eho,
1133 2706 1241 2750 quae
1268 2703 1317 2733 tu
1342 2682 1551 2734 somnias!
