1742 2924
98 147 206 204 456.
599 140 810 196 muris
863 158 1115 194 Gtomosr

101 267 257 312 Nunc,
290 281 374 323 qua
401 266 618 307 adsedistis
647 266 768 308 causa
801 270 847 307 in
880 266 1032 307 festino
1058 268 1171 314 loco,
1238 283 1240 286 ’

101 341 384 389 Comoediai,
422 357 551 397 quam
583 344 715 389 modo
747 344 883 382 acturi
913 342 1074 388 sumus,

101 418 158 456 Et
188 418 529 473 Argumentum,
558 428 600 458 et
630 419 803 458 Nomen
830 419 958 457 vobis
987 419 1180 472 eloquar.

104 495 269 535 Alazon
300 494 462 534 Graece
494 495 598 536 huic
633 508 796 534 nomen
824 493 881 533 est
909 493 1191 541 comoediae,

104 569 155 608 Id
186 583 266 610 nos
297 571 451 610 Latine
481 569 726 611 Gloriosum
762 570 963 610 dicimus.

106 644 207 684 Hoc
238 646 452 701 oppidum
477 644 720 699 Ephesust:
752 645 855 685 inde
885 645 1013 685 Miles
1041 659 1164 686 meus
1195 646 1343 696 herus,

108 720 198 774 Qui
226 722 333 761 hinc
362 721 416 761 ad
445 720 592 761 forum
623 722 751 767 abiit,
783 721 1016 777 gloriosus,
1059 722 1292 776 inpudens,

109 795 383 842 stercoreas,
414 798 572 853 plenus
603 800 789 853 periurii
818 781 1189 852 atque'adul'terii.

108 870 181 911 Ait
211 870 296 912 sese
326 874 438 912 vltro
470 887 623 915 omnes
654 874 860 914 mulieres
889 872 1100 914 sec'tarier.

109 946 149 985 Is
180 946 494 995 deridiculu'st,
528 962 699 1004 quaqua
727 949 892 990 incedit
923 950 1144 989 omnibus.
1264 994 1267 997 ,

109 1022 260 1078 Itaque
290 1023 365 1065 hic
395 1026 647 1064 meretrices
678 1026 805 1065 labiis
835 1026 942 1066 dum
970 1025 1150 1065 ductant
1179 1037 1298 1071 eum,

108 1097 325 1139 Maiorem
353 1109 520 1154 partem
551 1100 699 1140 videas
731 1102 867 1156 valgis
906 1101 1049 1143 [auiis.

112 1173 228 1215 Nam
258 1189 337 1231 ego
371 1176 488 1215 haud
519 1176 598 1216 diu
629 1176 743 1230 apud
777 1179 895 1217 hunc
926 1177 1182 1218 seruitutem
1217 1174 1377 1216 ternio.

76 1268 81 1275 ·
114 1250 166 1292 ld
198 1253 301 1291 volo
332 1266 410 1292 vos
441 1237 828 1307 scire‚¹quomodo
862 1253 915 1291 ad
947 1254 1070 1294 hunc
1099 1252 1352 1292 deueuerim

111 1326 163 1366 In
195 1325 450 1366 seruitutem
481 1327 642 1375 abeo,
677 1329 784 1383 quoi
815 1327 975 1367 seruiui
1004 1330 1137 1382 prius.

115 1402 226 1442 Date
261 1415 450 1457 operam.
482 1412 584 1443 nam
614 1415 735 1443 nunc
763 1413 1067 1458 argumentum
1101 1402 1308 1443 exordiar.

116 1470 222 1518 Erat
250 1478 379 1518 herus
407 1479 586 1519 Athenis
623 1479 736 1518 mihi
761 1477 1008 1519 adolescens
1035 1488 1258 1532 optumus.

115 1554 156 1594 Is
185 1554 356 1594 amabat
383 1556 659 1594 meretricem
686 1563 825 1594 matre
853 1555 1033 1595 Athenis
1063 1555 1231 1599 Atticis,

117 1630 175 1671 Et
201 1631 273 1669 illa
303 1630 428 1671 illum
452 1639 629 1677 contra,
672 1631 750 1685 qui
781 1628 837 1669 est
863 1642 985 1669 amor
1015 1629 1136 1668 cultu
1166 1639 1386 1684 optumus.

116 1706 157 1747 Is
188 1707 363 1761 publice
393 1707 557 1761 legatus
589 1706 862 1760 Naupactum
890 1706 998 1745 hinc
1028 1704 1126 1751 fuit,

119 1782 298 1837 Magnai
326 1783 389 1822 rei
421 1781 614 1836 publicai
642 1782 789 1836 gratia.

119 1858 304 1899 luteribi
335 1867 384 1896 vt
422 1858 495 1898 hic
523 1858 647 1898 miles
680 1857 790 1897 forte
822 1856 1010 1897 Athenas
1040 1853 1234 1903 aduenit,

119 1934 309 1975 Infinuat
339 1932 424 1973 sese
456 1932 508 1972 ad
539 1933 657 1972 illam
679 1933 877 1973 amicam
908 1932 1002 1971 heri
1030 1930 1134 1975 mei,

118 2010 340 2065 Obcoepit
372 2011 467 2049 eius
495 2011 623 2049 matri
654 2007 947 2064 subpalparier

119 2076 260 2133 vino,'
293 2086 580 2130 ornamentis,
615 2085 891 2140 opiparisque
923 2081 1128 2137 opsoniis.

95 2207 98 2210 ,
121 2163 272 2218 Itaque
298 2162 508 2202 intimum
542 2162 605 2200 ibi
632 2159 672 2200 se
698 2161 824 2200 miles
855 2160 973 2215 apud
1003 2159 1150 2198 lenam
1179 2156 1296 2197 facit.

123 2240 207 2280 Vbi
237 2239 427 2295 primum
458 2239 608 2276 euenit
638 2236 773 2276 Militi
804 2236 910 2276 huic
950 2234 1125 2280 occasio,

125 2315 320 2355 Sublinit
353 2327 401 2354 os
430 2313 494 2352 illi
524 2314 670 2359 lenae,
698 2312 826 2358 matri
857 2311 1066 2357 mulieris}

127 2391 271 2446 Quam
298 2391 431 2430 herus
463 2401 586 2428 meus
617 2389 798 2428 amabat.
837 2399 940 2426 nam
973 2387 1009 2426 is
1039 2386 1155 2426 illius
1188 2383 1324 2425 filiam

125 2466 361 2521 Compegit
389 2466 445 2520 in·
461 2477 623 2504 nauem
652 2464 805 2509 Miles,
840 2462 950 2502 clam
979 2471 1159 2502 matrem
1189 2459 1322 2508 suam,

125 2543 323 2596 Eamque
341 2537 542 2581 'inuitam
571 2541 659 2580 huc
690 2541 921 2580 mulierem
947 2539 994 2577 in
1023 2534 1242 2600 Ephesum
1268 2536 1462 2578 aduehit.

126 2619 244 2673 Ego,
283 2626 497 2672 quantum
528 2629 641 2656 vnus
668 2614 856 2670 possum,
888 2613 1001 2654 mihi
1032 2625 1191 2653 nauem
1218 2606 1342 2667 paro,

126 2695 184 2736 Vt
211 2695 394 2735 amicam
424 2692 608 2732 herilem
643 2692 824 2732 Athenis
855 2699 1049 2731 auectam
1085 2685 1188 2729 scio.

1573 664 1625 696 m

1578 1037 1626 1076 ις

1586 1419 1603 1446 κ

1610 1419 1637 1446 Ο

1602 1838 1606 1841 .
1587 1793 1606 1820 Ν

1615 1793 1635 1830 Vl

1588 2173 1607 2210 w

1614 2174 1641 2201 0

1589 2550 1638 2588 35

1707 1911 1740 2337 WNJ“⁶7⁸·⁶⁴*
1711 1839 1736 1891 ..w-‚³
1710 1517 1742 1814 ⁹⁵‘t‘=⁴-¹·'mnz÷&⁴.s
1720 1451 1742 1496 ,sev
1715 1193 1742 1419 „mmmmm
1722 1094 1742 1171 ,μη
