1742 2892
199 156 256 199 32
743 141 1154 195 Ammrnvoms
1516 190 1520 200 .
1712 0 1742 214 1

202 268 276 309 So.
306 264 408 306 Non
440 262 645 319 equidem
664 265 803 306 vllum
833 265 973 306 habeo
1007 267 1267 307 iumentum.
1329 253 1435 308 ME.-
1458 270 1707 325 onerandus

1103 341 1160 382 est
1189 344 1348 398 pugnis
1377 345 1526 396 probe.
1740 389 1742 391 ,

202 418 277 459 so.
308 414 452 456 Laffua
473 413 569 456 sum
587 415 730 456 hercle
751 428 775 454 e
799 417 916 462 naui,
942 424 991 455 vt
1006 425 1158 457 vectus
1175 418 1262 458 huc
1290 416 1407 459 sum:
1437 421 1569 460 etiam
1586 433 1707 462 nunc
1727 446 1740 463 2

1103 487 1276 527 nauseo.

194 559 274 599 Vix
295 558 458 598 incedo
490 557 657 605 inanie;
691 569 745 595 ne
776 557 838 595 ire
866 556 980 612 poffe
1014 569 1118 596 cum
1153 569 1283 597 onere
1313 555 1555 597 existumes.

197 636 294 676 ME.
327 633 455 675 Certe
487 633 607 673 enim
632 632 706 672 hic
735 632 882 673 nescio
913 633 1012 688 quis
1042 632 1247 686 loquitur.
1311 634 1383 673 So.
1419 632 1570 673 Saluos
1597 631 1710 678 sum,

1102 714 1194 740 non
1223 715 1293 741 me
1326 703 1462 742 videt.
1628 705 1740 756 175(

194 776 352 820 Nescio
383 790 511 832 quem
540 776 659 832 loqui
688 784 903 815 autumat:
947 775 1059 814 mihi
1094 785 1212 817 certo
1243 790 1407 818 nomen
1440 777 1551 819 Sofia
1583 776 1653 817 ests

198 855 294 896 ilfa.
317 853 435 892 Hinc
459 853 580 892 enim
601 851 715 890 mihi
737 851 907 890 dextera
932 864 1017 891 vox
1040 852 1171 898 auris,
1204 861 1253 891 vt
1275 851 1464 898 videtur,
1496 852 1708 892 verberat.

201 931 276 971 So.
307 928 458 968 Metuo
494 929 618 968 vocis
655 940 712 967 ne
754 928 853 966 vice
888 926 1024 966 hodie
1056 927 1131 966 hic
1172 928 1398 983 vapulem,
1441 941 1553 983 quae
1588 928 1712 969 hunc

1101 1002 1310 1044 verberat.

196 1079 293 1118 ME.
326 1078 519 1131 Optume
540 1089 690 1116 eccum
715 1075 879 1116 incedit
898 1075 951 1114 ad
974 1089 1058 1116 me.
1097 1079 1170 1118 So.
1189 1078 1372 1118 Timeo:
1403 1086 1522 1118 totus
1542 1090 1708 1135 torpeo.

193 1153 296 1194 Non
323 1152 479 1207 edepol
509 1165 643 1197 nunc,
666 1151 743 1191 vbi
773 1162 984 1192 terrarum
1005 1153 1094 1200 fim,
1121 1152 1224 1199 scio,
1254 1154 1280 1192 fi
1305 1155 1404 1209 quis
1430 1165 1568 1210 roget,
1627 1169 1737 1207 180:

193 1228 350 1283 Neque
381 1226 508 1266 miser
540 1241 610 1266 me
641 1239 918 1266 commouere
949 1227 1115 1281 poss‘um
1143 1242 1246 1284 prae
1267 1227 1535 1270 formidine:

195 1305 344 1350 Ilicet,
383 1304 583 1343 mandata
612 1303 706 1342 heri
735 1304 980 1357 perierunt,
1019 1317 1105 1342 vna
1135 1314 1178 1344 et
1208 1304 1339 1348 Sofia.¹

194 1379 354 1418 Verum
387 1389 505 1418 certu
529 1376 575 1416 ’st
611 1375 879 1418 confidenter
910 1378 1138 1419 hominem
1171 1391 1316 1420 contra
1349 1381 1572 1438 conloqui,

193 1453 330 1508 Igitur
353 1453 428 1508 qui
450 1450 606 1507 possim
623 1451 762 1492 videti
787 1453 891 1492 huic
912 1451 1049 1501 fortis,
1077 1469 1098 1494 a
1121 1468 1192 1495 me
1213 1466 1260 1495 vt
1281 1457 1493 1498 abstineat
1511 1459 1709 1499 manum.

197 1530 293 1570 Ma.
330 1528 430 1583 Quo
466 1529 660 1568 ambulas
696 1539 765 1574 tu,
814 1530 889 1583 qui
921 1530 1164 1569 Vulcanum
1203 1531 1249 1570 in
1286 1545 1421 1573 cornu
1456 1525 1735 1574 conclufum'

168 1592 173 1598 s
862 1582 868 1587 ¹
1095 1599 1239 1654 geris?
1627 1615 1708 1654 185

201 1676 274 1715 So.
310 1674 430 1729 Quid
457 1675 502 1714 id
527 1675 715 1730 exquiris
743 1685 814 1722 tu,
860 1676 935 1731 qui
965 1678 1127 1730 pugnis
1155 1688 1202 1715 os
1235 1675 1392 1715 exoffas
1421 1676 1708 1717 hominibus?

195 1752 294 1792 ME.
323 1751 481 1790 Ser-uos
504 1762 620 1797 esne,
647 1765 702 1791 au
727 1752 863 1792 liber?
921 1753 994 1793 So.
1014 1754 1258 1807 Vtcumque
1279 1752 1428 1794 animo
1447 1752 1725 1806 conlibitum!

1100 1819 1158 1860 est
1187 1834 1300 1862 meo

196 1889 293 1928 Mn.
311 1887 409 1928 Ain‘
434 1888 572 1927 vero?
617 1889 689 1928 So.
714 1890 794 1927 Aio
813 1890 935 1928 enlm
957 1903 1073 1930 vero.
1123 1892 1220 1932 ME.
1242 1891 1443 1931 verbero.
1491 1893 1564 1933 so.
1583 1892 1708 1963 Meu-

1100 1961 1196 2000 titis
1230 1973 1348 2000 nunc
1380 1963 1480 2002 iam.

195 2029 293 2067 ME.
321 2026 410 2069 At
399 2039 486 2065 iam
505 2025 662 2067 faciam
681 2038 730 2067 vt
763 2041 915 2068 verum
943 2030 1061 2071 dicas
1092 2030 1248 2069 dicere.
1315 2032 1387 2071 So.
1421 2031 1541 2084 Quid
1573 2044 1625 2072 eo
1649 2030 1710 2072 est

1101 2096 1247 2153 opus?

194 2167 291 2207 ME.
321 2164 495 2205 Poffum
526 2166 654 2212 scire,
690 2178 776 2221 quo
809 2164 1054 2221 profectus,
1084 2179 1171 2222 quo
1201 2165 1272 2205 ius
1300 2166 1371 2211 fis,
1399 2177 1474 2207 aut
1497 2168 1606 2221 quid
1635 2181 1722 2207 vem

1099 2234 1247 2274 neris?
1625 2253 1714 2294 190

199 2313 272 2353 so.
306 2311 407 2352 Huc
427 2324 503 2352 eo:
535 2312 633 2351 heri
657 2311 745 2350 mei
767 2310 860 2350 sum
881 2309 1038 2352 seruos.
1070 2308 1286 2365 n'umquid
1310 2323 1431 2350 nunc
1451 2323 1495 2351 es
1517 2313 1707 2354 certior?

193 2390 290 2429 ME.
326 2388 419 2444 Ego
449 2388 530 2428 tibi
576 2385 697 2426 istam
733 2385 864 2427 hodie
906 2385 1121 2427 scelestam
1165 2385 1453 2440 comprimam
1492 2388 1704 2444 linguam.

1103 2455 1176 2496 30.
1208 2455 1339 2495 Haud
1367 2465 1514 2508 potes:

188 2531 313 2573 Bene
339 2530 586 2586 pudiceque
615 2527 873 2570 adseruatur.
934 2531 1032 2571 Mn.
1058 2530 1229 2586 Pergin*
1263 2530 1529 2586 argutarier?

193 2605 316 2661 Quid
336 2606 451 2661 apud
468 2606 596 2647 hasce
613 2606 732 2647 aedis
750 2605 917 2660 negotii
936 2603 992 2644 est
1008 2604 1123 2645 tibi?
1159 2607 1232 2646 So.
1248 2606 1388 2646 Immo
1403 2605 1511 2661 quid
1532 2606 1614 2647 tibi
1631 2606 1707 2649 ’stt

193 2684 291 2724 Mr..
321 2681 415 2722 Rex
434 2679 544 2723 Creo
576 2682 733 2738 vigiles
756 2689 995 2722 nocturnos
1026 2680 1214 2737 singulos
1245 2678 1411 2735 semper
1431 2682 1563 2724 locat.
1606 2698 1703 2738 ·195
