1742 2924
534 223 694 258 Ac‘rvs
729 209 764 257 1.
813 222 971 259 senna
1005 210 1065 259 ll.
1154 239 1163 244 ν
1192 233 1195 235 <
1415 222 1539 276 '235

5 301 9 357 j
46 322 128 372 ΕΡ.
161 310 508 384 Benehe‘vsque
538 327 736 369 valuisti?
789 328 859 370 δι’.
899 330 929 370 Δ
957 330 1108 371 morbo
1138 332 1277 382 valui,
1313 334 1366 376 ab
1393 313 1540 380 animo

942 419 1063 461 aeger
1090 404 1168 447 fui.

45 460 126 522 ΕΡ.
158 478 288 534 Quod
318 478 370 518 ad
393 492 464 519 me
492 479 694 525 adtinuit,
720 490 799 534 ego
826 480 993 521 curaui.
1033 483 1150 535 quod
1178 484 1384 525 mandasti
1413 488 1540 536 mihi,

0 595 1 599 ,
40 555 313 615 jlnpetratum
337 553 417 595 est:
459 564 599 609 empta
627 548 792 594 fiicilla'
795 553 840 602 st,
872 556 988 611 quod
1018 565 1111 598 tute
1140 557 1192 599 ad
1220 574 1290 600 me
1315 561 1458 601 literas

0 619 1 684 ζ
42 627 346 670 Misficulabas.
398 628 469 671 δι’.
498 629 725 670 Perdidisti
755 643 929 671 ornnem
961 645 1146 688 operam.
1203 635 1283 675 ΕΡ.
1315 635 1428 678 Nam
1462 641 1540 694 qui

967 709 1134 750 erdidi?

43 783 116 823 δι’.
146 783 259 839 Quia
277 796 374 825 meo
401 797 538 841 neque
560 797 653 826 cara
680 784 737 824 est
764 783 905 831 cordi,
935 725 1078 840 Reque
1104 785 1256 841 placet.
1314 787 1393 828 ΕΡ.
1419 789 1538 844 Quid

935 861 1094 906 retulit,
1482 880 1537 917 30

0 927 157 1008 Mihi
186 943 407 988 tantopere
440 944 483 974 te
512 934 738 981 mandare,
779 945 821 975 et
852 937 1022 974 mittere
1051 936 1103 975 ad
1134 949 1206 976 me
1233 936 1457 992 epistolas?

0 977 112 1058 &St
141 1007 257 1048 Illam
285 1010 479 1048 amabam
504 1011 625 1055 olim,
647 1022 764 1050 nunc
792 1011 878 1049 iam
900 1011 977 1049 alia
1001 1024 1099 1052 cura
1129 1013 1336 1067 inpendet
1355 1017 1534 1069 pectori.

0 1081 125 1122 ..ΕΡ
158 1081 313 1125 Hercle
342 1084 543 1124 miserum
580 1084 650 1131 est,
684 1086 899 1140 ingratum
930 1085 1010 1126 effe
1033 1087 1205 1127 homini
1238 1088 1298 1136 id,
1330 1090 1446 1145 quod
1477 1091 1537 1131 fa·

267 1158 272 1207 j
936 1164 1023 1202 cias
1052 1162 1177 1203 bene.

39 1234 280 1290 Ego-quod
308 1235 522 1284 benefeci,
556 1238 777 1284 malefeci,
817 1239 917 1294 quia
953 1251 1074 1279 amor
1101 1240 1292 1279 mutauit
1318 1240 1478 1281 locum.

40 1311 111 1351 Sr.
138 1311 404 1367 Desipiebam
424 1315 596 1359 mentis,
618 1328 754 1368 quum
782 1315 876 1354 illas
904 1313 1074 1370 scriptae
1102 1315 1326 1355 mittebam
1357 1317 1449 1357 tibi.
1482 1332 1532 1369 35

37 1386 121 1426 ΕΡ.
150 1387 268 1427 Men'
288 1390 549 1441 piacularem
581 1399 748 1443 oportet
776 1388 870 1429 fieri
899 1391 954 1430 ob
984 1379 1204 1430 stultitiam
1232 1391 1382 1431 tuam?

32 1457 91 1512 Vt
113 1474 259 1502 meum
290 1473 454 1518 tergum
479 1463 677 1504 stultitiae
708 1475 806 1504 tuae
837 1465 986 1506 subdas
1018 1464 1373 1523 subcidaneumz

3 1534 107 1579 Γδτ.
134 1537 254 1592 Quid
279 1537 369 1579 istic
394 1539 523 1579 verba
552 1538 768 1580 facimus?
795 1541 900 1582 huic
930 1541 1103 1581 homini
1128 1555 1236 1594 opus
1265 1541 1322 1581 est
1355 1542 1531 1597 quadra-

929 1618 1047 1672 ginta
1077 1617 1211 1656 minis

0 1680 244 1757 {7Ce1eriter
275 1686 449 1733 calidis,
497 1688 682 1729 danistae
710 1703 813 1744 quas
838 1690 1040 1738 resoluat,
1083 1702 1126 1732 et
1154 1693 1254 1732 cito.

0 1751 116 1822 ζΦίο
145 1760 290 1807 modo,
319 1762 434 1802 vnde
457 1762 622 1803 auferre
652 1778 722 1804 me
743 1766 842 1806 vis?
885 1781 908 1807 a
933 1781 1018 1822 quo
1053 1768 1257 1823 trapezita
1282 1767 1419 1821 peto?
1472 1782 1529 1818 4ο

9 1829 154 1888 ‘vnde
183 1836 310 1880 libet!
355 1852 455 1878 nam
482 1842 530 1879 ni
558 1850 654 1879 ante
682 1839 814 1880 solem
844 1842 1042 1883 obcasum
1074 1843 1157 1889 elo,

12 1894 174 1954 'Meam
205 1914 386 1965 domum
418 1927 471 1954 ne
503 1915 686 1955 inbitas:
725 1926 772 1955 tu
802 1926 843 1956 te
872 1918 917 1956 in
943 1916 1182 1971 pistrinum.

11 1973 113 2032 [ΕΡ
146 1959 284 2028 Facile
313 1999 359 2029 tu
390 1988 494 2030 istuc
521 1990 604 2029 fine
633 1991 825 2045 periculo
854 2002 896 2031 et
922 2006 1045 2040 cura,
1083 1993 1211 2034 corde
1237 1995 1375 2035 libero

10 2058 247 2110 {Fabulam⁴
279 2065 386 2105 noui
416 2079 495 2119 ego
521 2064 705 2105 nostros:
735 2067 846 2105 mihi
872 2066 1002 2115 dole‘t,
1034 2083 1166 2124 quom
1194 2083 1276 2125 ego
1307 2072 1481 2133 vapulo.

6 2113 101 2194 {8²³-
131 2139 251 2196 Quid
271 2151 317 2180 tu
341 2140 491 2180 nunc?
521 2141 719 2196 patierin’
743 2149 791 2180 vt
817 2155 897 2197 ego
926 2156 997 2184 me
1027 2145 1306 2187 interimam?
1353 2148 1433 2186 ΕΡ.
1453 2146 1522 2185 Ne

9 2217 46 2241 W
158 2226 163 2235 '
922 2218 1090 2261 feceris.
1462 2236 1516 2274 45

15 2289 115 2348 *Ego
142 2291 246 2347 istnc
271 2293 476 2333 adcedam
501 2296 743 2350 periculum
773 2296 918 2349 potius
949 2305 1077 2351 atque
1103 2295 1339 2353 audaciam.

28 2363 100 2443 δι’.
129 2365 259 2408 Nunc
283 2368 452 2424 places;
493 2383 611 2410 nunc
645 2384 723 2426 ego
760 2379 803 2409 te
835 2370 977 2411 laudo.
1034 2371 1119 2411 ΕΡ.
1139 2372 1281 2411 Patiar
1302 2384 1382 2426 ego
1414 2370 1519 2412 istuc

918 2445 1035 2502 quod
1061 2446 1194 2486 lubet.

23 2467 98 2553 81·
126 2510 242 2570 Quid
262 2514 314 2555 de
339 2516 408 2555 illa
438 2515 510 2558 fiet
538 2517 710 2560 fidicina
744 2521 908 2575 igitur?
953 2523 1034 2562 ΕΡ.
1055 2522 1208 2577 Aliqua
1232 2522 1511 2576 reperibitur:

23 2579 176 2639 Aliqua
200 2601 279 2641 ope
303 2591 528 2638 exsoluam,
548 2595 786 2636 extricabor
807 2598 963 2651 aliqua.
999 2598 1068 2637 Sr.
1086 2598 1247 2637 Plenus
1265 2598 1430 2638 confilii
1454 2610 1511 2636 es.

20 2657 140 2700 Noui
173 2673 251 2718 ego
281 2668 337 2705 te.
393 2667 567 2708 1⁴:12.Est
597 2670 820 2711 Euboicus
851 2672 977 2710 miles
1006 2673 1212 2729 locuples,
1238 2674 1388 2714 multo
1406 2685 1512 2713 auro
1548 2684 1553 2687 ⁷

23 2739 32 2748 “
906 2754 1071 2802 potem.
1459 2764 1511 2800 50
