1742 2924
155 168 247 211 374
672 160 1155 199 Μοετειωιιιη

155 275 243 316 CA.
273 275 381 313 Date
412 272 477 312 illi
505 270 623 326 quod
651 271 792 310 bibat:
824 269 1039 309 dormiam
1069 282 1148 324 ego
1177 269 1278 311 iam.
1307 317 1314 321 ,
1603 290 1657 325 30

154 351 293 391 Pan„
325 349 444 388 Num
467 349 626 386 mirum
653 355 724 386 aut
745 358 913 384 nouom
947 345 1174 400 quidpiam
1197 339 1332 386 facit?
1361 347 1468 401 quid
1497 360 1575 403 ego

157 426 255 466 Hoc
281 424 435 465 faciam
460 421 614 477 postea,
634 419 760 460 mea?
792 419 885 459 DE.
909 419 980 459 Sic
1002 420 1087 459 [ine
1108 419 1296 474 eumpse.
1331 422 1464 464 Pam.
1485 424 1575 480 Age
1598 434 1660 471 tu,
1716 439 1721 443 ·’

155 501 334 543 Interim
365 499 417 542 da
449 499 500 541 ab
529 496 717 553 Delphio
748 496 835 536 cito
870 494 1126 562 cantharum
1154 498 1331 537 circum.
1359 509 1382 529 2-

485 678 779 721 ACTVS
835 680 896 744 Il.
964 678 1252 722 SCENA
1311 682 1343 721 1.

163 789 391 832 TRAN10‚
448 790 832 828 PHILOLACHES,
882 784 1309 831 GALLIDAMATES,
1366 790 1665 831 DELPHIVM,

614 856 1024 898 PHILEMATIVM,
1073 858 1222 889 PVER.

218 957 385 1012 Iupiter
414 956 636 1012 supremus
665 959 842 998 summis
872 957 1029 1011 opibus
1062 964 1190 1012 atque
1220 954 1435 997 industriis

162 1032 237 1072 Me
268 1033 441 1087 periise,
472 1042 515 1073 et
543 1035 884 1075 Philolachetem
918 1035 1040 1088 cupit
1069 1034 1255 1073 herilem
1286 1031 1449 1073 filium!
1557 1083 1561 1088 Ι

164 1108 344 1149 Obcidit
375 1109 464 1164 spes
495 1108 644 1154 nostra.
678 1122 896 1164 nusquam
924 1107 1138 1148 stabulum
1166 1107 1222 1147 est
1261 1106 1563 1156 confidentiae,

163 1184 258 1225 Nec
283 1183 393 1225 salus
425 1186 554 1225 nobis
585 1185 708 1225 saluti
734 1187 822 1224 iam
849 1183 942 1230 effe,
974 1184 1000 1222 si
1031 1185 1190 1237 cupiat.
1215 1182 1372 1239 potest:

163 1260 225 1300 Ita
253 1261 357 1300 mali
378 1262 589 1301 moeroris
615 1271 814 1300 montem
841 1273 1097 1298 maxumum
1123 1259 1176 1298 ad
1206 1268 1380 1314 portum
1405 1258 1538 1311 modo
1652 1271 1672 1308 5

166 1335 453 1390 Conspicatus
483 1336 601 1377 sum:
642 1337 772 1376 herus
803 1334 983 1374 aduenit
1013 1347 1205 1389 peregre.
1234 1335 1363 1388 periit
1382 1331 1565 1374 Tranio!
1604 1350 1611 1358 ·

164 1410 327 1465 Ecquis
357 1411 491 1450 homo
522 1411 590 1460 est,
621 1414 698 1466 qui
718 1411 858 1451 facere
893 1412 1058 1464 argenti
1087 1410 1234 1463 cupiat
1263 1409 1532 1463 aliquantum
1551 1409 1677 1452 lucri,

168 1486 258 1541 Qui
286 1487 419 1527 hodie
452 1486 537 1527 sese
567 1488 806 1528 excruciari
835 1499 979 1525 meam
1006 1485 1151 1524 vicem
1178 1481 1308 1539 possit
1335 1483 1457 1538 pati?

166 1562 250 1602 Vbi
280 1561 378 1602 sunt
406 1561 471 1601 isti
501 1563 810 1618 plagipaddae,
851 1561 1134 1602 ferritribaces
1164 1560 1261 1606 viri,

166 1638 245 1678 Vel
275 1637 340 1677 isti
358 1637 435 1694 qui
454 1638 580 1679 hastis
609 1641 740 1679 trium
758 1651 998 1678 numerum
1018 1636 1140 1676 causa
1165 1634 1350 1676 subeunt
1371 1633 1447 1675 sub
1464 1634 1600 1675 falas?
1632 1649 1681 1676 ιο
1736 1662 1742 1689 7

168 1713 250 1753 Vbi
279 1715 413 1767 aliqui
445 1699 679 1768 quindenis
710 1713 835 1753 hastis
866 1726 1020 1769 corpus
1051 1711 1242 1767 transfigi
1272 1698 1420 1751 solent.

168 1788 262 1844 Ego
293 1790 403 1829 dabo
443 1792 483 1829 ci
515 1792 739 1835 talentum,
782 1791 950 1844 primus
982 1790 1058 1845 qui
1091 1790 1138 1827 in
1173 1800 1346 1827 crucem
1378 1774 1682 1827 excucurierit.
1732 1781 1742 1846 ζ.

171 1864 255 1903 Sed
292 1879 340 1905 ea
370 1867 475 1921 lege,
504 1876 553 1905 vt
583 1865 823 1921 adfigantur
851 1866 918 1904 bis
945 1865 1092 1921 pedes,
1124 1864 1191 1903 bis
1216 1852 1403 1903 brachia.

172 1939 254 1979 Vbi
285 1940 329 1980 id
356 1942 436 1981 erit
467 1940 646 1988 factum,
679 1954 700 1980 a
725 1954 797 1980 me
825 1949 1052 1995 argentum
1086 1940 1223 1994 petito
1257 1934 1604 1991 praesentarium]

111 2027 113 2030 ’
174 2013 258 2054 Sed
276 2029 354 2069 ego
373 2015 525 2056 sumne
548 2018 619 2057 ille
639 2016 802 2062 infelix,
826 2017 1005 2071 quinon
1026 2029 1148 2055 curro
1168 2012 1380 2055 curriculo
1402 2001 1614 2051 domum?
1637 2022 1681 2059 ις
1730 2052 1732 2055 ,

172 2090 312 2131 PmL.
341 2092 465 2131 Adest
506 2093 750 2146 opsonium.
786 2105 938 2132 eccum
962 2092 1123 2132 Tranio
1154 2104 1176 2130 a
1202 2098 1333 2144 portu
1366 2086 1493 2126 redit.
1531 2091 1535 2101 '

178 2166 252 2206 ΤΒ.
281 2167 567 2211 Philolaches.
619 2173 757 2211 Pflu..
782 2168 905 2224 Quid
937 2164 1026 2206 est?
1081 2165 1154 2204 Ta.
1176 2164 1233 2204 Et
1263 2174 1342 2217 ego
1376 2171 1419 2202 et
1442 2170 1504 2200 tu.
1550 2159 1686 2197 Pau..
1736 2187 1742 2203 ι,

858 2241 978 2297 Quid
1004 2252 1047 2281 et
1072 2255 1150 2296 ego
1182 2250 1225 2280 et
1245 2237 1328 2278 tu?
1366 2235 1438 2274 Tu.
1459 2233 1688 2273 periimus.

173 2316 314 2358 sz.
352 2318 487 2375 Quid
510 2321 602 2362 ita?
666 2321 738 2361 Ta.
770 2320 895 2360 Pater
928 2316 1052 2357 adest.
1114 2317 1251 2354 Pnzz.
1288 2311 1410 2366 Quid
1446 2321 1528 2363 ego
1562 2320 1614 2347 ex
1645 2316 1690 2346 te

854 2390 1014 2434 audio?
1079 2389 1151 2429 Ta.
1184 2386 1411 2442 Absumpti
1448 2384 1607 2425 sumus·

175 2466 320 2515 Pater,
363 2471 567 2528 inquam,
608 2481 709 2514 tuus
741 2470 877 2511 venit.
915 2467 1073 2506 *Pam
1101 2464 1185 2504 Vbi
1214 2461 1271 2504 est
1310 2463 1370 2514 is,
1406 2459 1582 2502 obsecro
1616 2455 1692 2498 te?
1736 2451 1742 2510 j

865 2543 936 2583 Tn.
973 2538 1110 2581 Adest.
1730 2584 1732 2586 v

177 2616 316 2659 Pan.
355 2618 465 2676 Quis
496 2623 542 2664 id
569 2622 661 2665 ait?
696 2623 793 2678 quis
824 2617 972 2659 vidit?
1030 2615 1102 2655 Tu.
1124 2614 1324 2669 Egomet,
1359 2615 1553 2669 inquam,
1583 2605 1692 2648 vidi.
1735 2597 1742 2657 «Ξ

856 2695 994 2736 Putz..
1023 2690 1110 2731 Vae
1139 2690 1265 2730 mihi.
1645 2695 1695 2723 20
1731 2729 1742 2763 ,·

1731 2875 1742 2910 ¹¹.
