1742 2924
137 165 230 222 326
467 205 474 211 -
694 164 1081 218 necuxnvm

136 286 291 342 Egone
310 295 360 326 vt
385 288 494 328 haec
520 287 720 329 conclusa
741 287 895 343 gestem
923 289 1202 331 clanculum?
1229 299 1279 329 vt
1308 292 1448 332 celem
1471 300 1649 347 patrem,

139 360 381 407 Pistoclere,
414 372 485 402 tua
514 364 690 419 flagitia,
721 374 796 405 aut
826 365 999 414 damna,
1033 377 1106 406 aut
1141 365 1429 407 defidiabula‘?

142 436 317 491 Quibus
335 446 498 490 patrem
519 448 562 478 et
586 454 656 480 me
681 450 812 496 teque
835 442 1083 495 amicosque
1104 454 1253 481 ornnes
1274 440 1458 482 adfectas
1474 452 1572 482 tuos
1605 455 1651 482 ιο

144 510 210 556 Ad
241 512 466 566 probrum,
493 513 715 558 damnum.
745 513 958 570 flagitium
990 517 1201 570 adpellere
1225 529 1308 555 vna
1339 525 1382 556 et
1407 517 1597 572 perdere.

145 586 302 642 Neque
326 574 429 633 mei,
455 602 596 645 neque
624 593 690 631 tui
715 593 832 631 intus
858 591 1061 647 puditum
1096 590 1152 630 est
1184 590 1306 631 factis
1332 606 1441 648 quae
1470 592 1598 635 facis:

152 662 327 718 Quibus
363 674 486 703 tuum
515 675 694 718 patrem,
725 680 884 722 meque
908 681 1006 710 vna,
1041 667 1217 713 amico&
1249 666 1410 709 adfines
1435 676 1546 713 tuoe.

151 739 248 779 Tua
283 737 462 779 infamia
493 738 629 782 fecisti
658 741 948 796 gerulifigulos
981 740 1149 797 flagitii.

155 812 289 858 Nunc
316 814 435 871 prius
464 824 595 871 quam
627 818 791 860 malum
824 817 926 858 istoc
964 817 1100 863 addis,
1127 828 1292 859 certum
1325 817 1381 860 est
1411 819 1495 858 iam
1521 819 1662 859 dicam

750 895 753 897 “
1037 889 1164 943 patri.
1192 939 1198 947 Ι
1616 903 1660 937 ις

157 957 226 1001 De
254 972 325 1000 me
356 959 471 1002 hanc
504 960 678 1015 culpam
707 961 952 1002 demolibor
983 964 1093 1009 iam,
1138 971 1181 1002 et
1207 961 1296 1001 seni
1325 961 1480 1004 faciam
1507 965 1662 1019 palam,

157 1034 215 1078 Vt
243 1048 345 1079 eum
375 1048 426 1079 ex
458 1036 674 1079 lutulento
702 1049 841 1079 coeno
869 1050 1051 1095 propere
1082 1037 1186 1079 hinc
1213 1037 1359 1079 eliciat
1388 1037 1514 1081 foras.

466 1192 1363 1238 Acrvs1n.scENA1L

686 1258 1160 1325 MNESILOCth.

220 1375 375 1416 Multis
411 1376 555 1417 modis
586 1379 819 1421 meditatus
857 1389 1027 1438 egomet
1062 1391 1236 1419 mecum
1269 1377 1384 1426 sum,
1425 1389 1467 1419 et
1505 1382 1560 1420 ita
1591 1379 1672 1421 effe

1049 1451 1254 1490 arbitror:

164 1518 355 1561 Homini
383 1518 537 1568 amico,
570 1525 646 1577 qui
676 1522 731 1562 est
751 1524 916 1564 amicus
946 1525 1018 1569 ita,
1048 1526 1113 1563 vti
1139 1535 1300 1565 nomen
1330 1521 1526 1579 poffidet‚

166 1594 256 1638 Nifi
287 1596 406 1642 deos,
450 1600 491 1637 ei
522 1598 635 1637 nihil
663 1598 880 1654 praestare.
913 1600 959 1640 id
986 1614 1111 1656 opera
1141 1610 1338 1653 expertus
1365 1597 1457 1638 sum
1491 1597 1570 1637 effe
1602 1599 1676 1640 ita.

162 1670 285 1715 Nam
309 1683 366 1714 vt.
381 1674 428 1712 in
451 1673 670 1730 Ephesum
692 1677 800 1716 hinc
825 1676 927 1723 abii,
959 1677 1060 1727 (hoc
1091 1674 1251 1715 factum
1283 1672 1339 1714 est
1362 1671 1499 1714 ferme
1519 1672 1679 1714 abhinc

1052 1747 1298 1798 biennium)

140 1818 234 1871 (Ex
261 1817 432 1873 Epheso
461 1821 550 1859 huc
579 1820 631 1860 ad
659 1820 934 1862 Pistoclerum
965 1835 1116 1862 meum
1147 1821 1333 1860 sodalem
1360 1820 1503 1859 literas
1655 1832 1674 1867 5

172 1892 286 1940 Mis1‚
321 1895 505 1934 amicam
539 1906 588 1935 vt
614 1897 727 1936 mihi
765 1897 982 1938 inueniret
1011 1896 1289 1936 Bacchidem.
1319 1894 1441 1934 illum
1473 1894 1678 1949 intellego

169 1968 408 2016 Inuenffse,
442 1980 490 2012 vt
518 1969 660 2012 seruos
692 1985 816 2011 meus
842 1973 951 2012 mihi
982 1972 1202 2012 nuntiauit
1228 1968 1471 2021 Chrysalus.

148 2045 407 2107 ¹Condigne
439 2047 475 2087 is
510 2061 640 2102 quam
671 2048 874 2088 technam
913 2048 966 2088 de
998 2042 1104 2089 a'uro
1135 2043 1362 2087 aduersum
1398 2057 1547 2084 meum
1573 2042 1679 2084 fecit

1055 2127 1235 2172 patrem,

173 2190 230 2229 Vt
254 2191 367 2232 mihi
403 2193 565 2232 amanti
595 2194 718 2246 copia
749 2190 867 2233 effet!
899 2182 971 2233 sed
999 2206 1181 2247 aequom
1211 2189 1257 2230 id
1289 2191 1329 2229 ei
1359 2190 1549 2231 reddere.

172 2265 288 2308 Nam
328 2268 405 2322 pol
443 2267 644 2325 quidem,
689 2282 788 2311 meo
820 2270 994 2313 animo,
1039 2268 1204 2321 ingrato
1245 2264 1426 2306 homine
1466 2266 1581 2307 nihil
1615 2266 1679 2305 in-

380 2343 382 2347 ‘
1054 2333 1269 2390 penfiu’st;
1631 2349 1682 2377 ιο

170 2394 498 2454 Malefactorem
528 2415 670 2453 amitti
701 2414 853 2460 satius,
883 2425 1012 2469 quam
1037 2410 1228 2466 relinqui
1252 2408 1510 2451 beneficum.

171 2488 326 2531 Nimio
354 2487 554 2543 praestat,
588 2489 894 2544 inpendiosum
921 2497 987 2535 te,
1021 2500 1151 2543 quam
1181 2487 1399 2540 ingratum
1426 2485 1575 2527 dicier.

172 2562 309 2607 Illum
339 2564 577 2605 laudabunt
605 2567 737 2614 boni3
773 2567 858 2607 hoc
885 2566 1016 2606 etiam
1042 2563 1118 2618 ipsi
1148 2561 1387 2616 culpabunt
1413 2561 1531 2601 mali.
1560 2618 1566 2622 ἱ

175 2640 274 2698 Qua
314 2653 387 2682 me
419 2639 538 2682 causa
574 2642 711 2699 magis
745 2654 843 2683 cum
882 2652 981 2683 cura
1021 2636 1101 2679 ess'e
1139 2650 1212 2683 ea,
1259 2649 1391 2692 quam
1430 2625 1711 2694 obuig'ilato‚“

1059 2706 1118 2750 est
1146 2719 1269 2764 opufs.
