1742 2924
210 138 306 197 57⁶v
651 152 657 156 ⁴
788 152 1117 202 ‘rsevnou

203 259 374 300 Herum
404 257 537 299 saluto
569 258 784 314 primum,
816 270 864 299 vt
893 274 1079 316 aequom
1104 261 1184 303 est:
1212 261 1368 319 postea,
1495 246 1498 250 ¹
1659 278 1716 318 4ο

192 334 250 386 δί
287 335 394 391 quid
421 332 616 388 supersit,
645 335 818 375 vicinos
851 337 1051 390 inpertio.

210 412 277 452 St.
311 410 453 451 Salue.
485 409 592 465 quid
621 410 795 464 agitur?
841 413 920 451 Ps.
953 412 1098 451 Statur
1123 412 1199 451 hic
1230 411 1283 452 ad
1315 413 1656 456 hunc-modum.

209 490 274 528 St.
309 487 477 527 Statum
502 483 605 524 vide
634 485 842 531 hominis,
875 486 1087 541 Callipho,
1120 501 1251 542 quam
1281 480 1530 531 Bafilicum!

207 563 290 605 CA.
322 562 443 602 Bene
471 560 826 617 confidenterque
854 560 1048 601 adstitiffe
1076 563 1296 619 intellego.

201 641 280 680 Ps.
312 639 450 678 Decet
479 638 784 683 innocentem,
825 638 901 692 qui
928 638 975 677 fit
1003 646 1133 694 atque
1163 639 1384 685 innoxius,
1658 652 1711 698 45

200 715 385 755 Seruom
413 712 647 768 superbum
679 711 759 751 effe
789 713 904 768 apud
931 713 1084 753 herum
1113 713 1408 769 potiffumum.

178 791 286 841 CA.
317 789 450 835 Sunt,
489 800 598 843 quae
631 798 673 827 te
701 789 904 828 volumus
935 791 1201 844 percontari,
1236 779 1351 845 quae*
1375 789 1490 844 quali

197 867 280 907 Per
313 865 517 905 nebulam
548 874 720 904 nosmet
747 849 906 905 scimu‘s
939 875 1065 919 atque
1097 866 1363 907 audiuimus.

203 943 269 983 δι.
303 939 516 981 Conficiet
549 939 635 979 iam
668 950 709 980 te
738 941 812 980 hic
840 942 1007 981 verbis:
1043 950 1091 980 vt
1121 950 1169 980 tu
1198 940 1371 982 censeas

196 1019 303 1059 Non
328 1016 613 1062 Pseudolum,
644 1014 715 1054 sed
747 1015 965 1056 Socratem
982 1027 1140 1057 ‘tecum
1170 1018 1305 1072 loqui.
1662 1008 1736 1070 50¹

198 1096 279 1134 Ps.
313 1095 375 1133 Ita
411 1091 479 1132 est.
512 1092 597 1131 iarn
631 1091 803 1146 pridem
834 1102 879 1132 tu
912 1106 982 1133 me
1012 1091 1200 1148 spernis,
1230 1092 1383 1139 sentio,

195 1171 382 1210 Paruam
413 1166 492 1206 effe
525 1167 640 1222 apud
669 1176 712 1207 te
739 1167 851 1207 mihi
886 1166 1015 1208 fidem
1046 1170 1134 1224 ipse
1163 1170 1391 1225 intellego:

194 1246 333 1300 Cupis
361 1256 432 1283 me
463 1242 542 1282 effe
578 1256 788 1297 nequam,
832 1254 978 1283 tamen
1009 1258 1082 1284 ero
1109 1243 1225 1300 frugi
1255 1246 1408 1286 bonae.

201 1324 267 1364 Sl.
300 1321 384 1360 Fac
413 1321 462 1359 fis
490 1320 688 1365 vacims,
717 1319 949 1365 I’seudole‚
983 1321 1099 1361 aedis
1129 1323 1315 1368 aurium,

193 1398 295 1437 Mea
321 1406 370 1435 vt
399 1396 583 1449 migrare
613 1395 726 1434 dicta
762 1394 941 1450 poffint‚
972 1409 1060 1450 quo
1088 1396 1204 1435 volo.
1448 1387 1456 1391 i
1658 1408 1720 1445 55·

194 1474 273 1515 Ps.
307 1473 412 1525 Age,
449 1471 625 1523 loquere
656 1470 758 1524 quid
790 1472 880 1516 vis,
914 1471 1075 1510 tametfi
1106 1471 1187 1510 tibi
1215 1469 1464 1510 subcenl‘eo.
1701 1474 1705 1477 “

199 1537 265 1590 Si.
299 1547 455 1604 Mihin'
485 1545 666 1586 domiuo
700 1546 839 1585 seruos
871 1557 918 1585 tu
947 1543 1206 1585 subcenses?
1267 1546 1344 1584 Ps.
1376 1545 1466 1583 Iam
1496 1544 1580 1591 tibi
1629 1543 1634 1546 ”
1680 1535 1688 1537 ”

167 1606 359 1664 *Mirum
386 1622 432 1661 id
459 1621 667 1660 videtur?
721 1622 785 1661 51.
818 1621 973 1659 Hercle
1001 1621 1129 1674 quin,
1164 1630 1214 1660 vt
1244 1628 1292 1658 tu
1321 1620 1558 1675 praedicas,

193 1698 452 1740 Cauendum
484 1695 540 1735 est
568 1696 679 1734 mihi
706 1695 778 1734 abs
813 1706 854 1735 te
881 1697 1016 1734 irato:
1050 1706 1178 1749 atque
1205 1696 1290 1735 alio
1323 1706 1371 1736 tu
1402 1696 1536 1735 modo
1711 1703 1713 1706 ’
1739 1696 1742 1750 1

190 1775 268 1815 Me
298 1774 545 1818 verberare,
577 1780 705 1826 atque
733 1784 811 1824 ego
844 1780 883 1810 te
915 1771 1052 1817 soleo,
1077 1771 1253 1826 cogitas.
1652 1770 1707 1810 6ο

156 1829 157 1832 ¹
197 1851 281 1893 CA.
314 1847 435 1902 Quid
465 1845 645 1886 censes?
690 1847 845 1901 edepol
877 1849 1033 1888 merito
1063 1848 1142 1888 effe
1172 1849 1326 1888 iratum
1357 1844 1556 1896 arbitror,

192 1927 345 1981 Quum
372 1923 486 1979 apud
515 1933 556 1963 te
588 1937 740 1978 parum
770 1922 846 1963 stet
876 1922 993 1963 fideS.
1053 1925 1118 1964 Sl.
1143 1925 1239 1977 VIam
1271 1924 1325 1964 [ic
1355 1920 1459 1966 5¹¹0,

191 2004 324 2043 Iratus
358 2003 424 2042 sit:
457 2014 558 2055 ego,
596 2012 652 2037 ne
681 1999 788 2054 quid
819 1986 993 2043 noceat,
1025 2011 1192 2038 cancro.
1214 1984 1229 1994 ν
1715 2036 1718 2037 ⁷

193 2077 279 2119 Sed
300 2077 406 2131 quid
427 2076 519 2115 ais?
551 2074 658 2130 quid
681 2075 779 2119 hoc,
808 2074 924 2129 quod
951 2082 994 2112 te
1016 2074 1151 2129 rogo?
1186 2075 1263 2113 Ps.
1294 2072 1338 2113 Si
1359 2075 1465 2131 quid
1482 2077 1565 2122 vis,
1586 2090 1704 2132 roga,

195 2153 328 2208 Quod
356 2153 493 2198 scibo,
527 2151 710 2206 Delphis
741 2151 820 2189 tibi
847 2148 1097 2204 responsum
1126 2148 1273 2189 dicito.
1651 2155 1702 2202 65

199 2231 265 2270 St.
297 2227 490 2269 Aduorte
520 2240 618 2281 ergo
650 2228 870 2281 animum,
904 2234 946 2264 et
975 2223 1041 2264 fac
1072 2225 1120 2264 fis
1149 2222 1339 2280 promiffi
1370 2237 1550 2266 memor.

191 2302 313 2357 Quid
342 2301 435 2342 ais?
479 2314 658 2356 ecquam
690 2300 768 2341 scis
799 2301 934 2340 filium
965 2301 1193 2339 tibicinam

188 2379 341 2419 Meum
359 2376 532 2417 amare?
567 2379 643 2416 Ps.
664 2378 827 2432 Negare
845 2390 992 2430 meum
1010 2375 1078 2415 est.
1119 2377 1183 2415 51.
1199 2373 1399 2414 Liberare
1416 2389 1546 2430 quam
1563 2377 1706 2418 velit?

192 2456 272 2494 Ps.
302 2453 379 2494 Καὶ
407 2440 523 2493 τοῦτό
549 2453 612 2491 καὶ
643 2453 761 2492 τοῦτο
794 2465 919 2506 nego.
981 2453 1044 2492 St.
1075 2433 1243 2505 Ecquas
1275 2452 1435 2506 viginti
1466 2453 1609 2495 minas
1724 2449 1726 2452 ’

190 2529 271 2570 Per
302 2527 626 2581 sycophantiam
658 2539 785 2581 atque
817 2542 893 2582 per
925 2526 1079 2567 doctos·
1103 2526 1227 2566 dolos
1614 2539 1615 2542 ’
1648 2541 1700 2578 70

188 2604 373 2649 paritas,
409 2611 456 2640 vt
485 2599 648 2657 auferas
679 2616 699 2640 a
730 2603 832 2642 me?
893 2604 971 2642 Ps.
1005 2603 1086 2642 Abs
1121 2613 1162 2642 te
1191 2616 1268 2656 ego
1298 2600 1525 2650 anferam?

195 2681 260 2721 81.
290 2679 375 2719 lta:
412 2690 516 2735 quas
551 2690 650 2717 meo
683 2688 817 2733 gnato¹
844 2678 944 2726 dee,
986 2679 1060 2734 qui
1095 2678 1278 2718 amicam
1306 2677 1474 2718 liberet.
