1742 2892
180 140 242 175 10
312 172 314 174 .
728 134 1132 178 rnootmlvm.

177 266 326 308 nem,
362 249 697 297 meretricum
739 244 1356 306 inlecebrisinretit'uin'‚‘
1391 241 1693 313 ienrfamia

177 318 362 367 liarem
414 315 733 380 famamque,
799 327 857 364 vt
903 316 960 363 in
1009 315 1287 365 Trinumo
1321 311 1709 376 hasbanicum,

178 385 303 434 facit
333 383 577 448 perdere;
624 382 788 446 quid?
837 382 1011 446 quod,
1059 384 1152 446 qui
1182 382 1536 448 probissimus
1566 382 1689 443 fuit,

177 471 303 503 :mox
332 452 394 499 fit
429 453 805 516 nequissimus,
849 463 905 498 vt
938 453 992 499 in
1020 451 1338 499 Mostellaria
1366 450 1693 501 Philolaches

177 539 288 571 non
308 531 519 568 veretur
544 520 740 568 dicere:
781 529 938 584 pater
961 517 1083 566 mibi
1101 518 1297 572 venibit
1319 518 1489 567 multo·
1497 515 1687 582 potitis,

174 607 330 654 quam
356 591 574 636 amicam
605 591 768 636 sinam
795 585 979 655 egere!
1010 597 1060 634 et
1086 595 1301 651 optare:
1319 586 1521 636 vtinam
1550 593 1691 635 meus

174 675 307 706 manc
338 666 494 720 pater
525 657 598 703 ad
627 673 704 702 me
733 658 993 702 nuntietur
1022 665 1275 711 mortuus,
1316 664 1506 723 vffego
1539 651 1692 703 exhe-

173 725 350 774 redem
384 726 504 771 meis
543 722 683 770 honis
714 740 791 769 me
806 718 1044 790 faciam,
1085 719 1393 785 acquerhaec
1422 725 1491 770 sit
1516 718 1691 770 heres!

155 794 236 842 “Iu
255 792 430 840 Milite
459 790 710 842 conduxit
740 806 894 837 senex
918 790 1264 847 meretricem,-
1293 805 1427 853 quae
1448 788 1688 838 vicinum

173 860 309 908 :mala
334 857 518 906 fraude
549 856 815 923 perderet,
855 858 1033 920 eique,
1069 874 1171 920 qua
1207 856 1536 913 hoc-ratione
1565 854 1686 905 fieri

173 927 362 993 possit,
405 924 580 974 denuo
617 925 734 972 vult
769 923 1146 982 demonstrare;
1198 935 1249 973 at
1289 931 1345 973 ea
1379 923 1686 989 respondet:

173 999 221 1045 si
260 995 385 1058 quid
408 990 717 1062 faciendum
763 996 1018 1041 meretrici
1047 1003 1138 1042 *est
1174 992 1309 1040 male
1332 1003 1507 1057 ‘atque
1541 990 1688 1039 malis

174 1067 317 1117 tiose,
353 1060 639 1110 inmortalis
670 1062 915 1108 memoria
945 1071 1052 1119 esc3
1082 1064 1127 1108 si
1147 1061 1272 1124 quid
1292 1077 1419 1109 vero
1447 1057 1570 1108 bene
1593 1067 1687 1106 aut

160 1129 398 1201 fideliter
422 1124 735 1196 faciendum
780 1137 882 1182 est,
941 1127 1217 1175 obliviosae
1255 1127 1513 1190 extemplo
1549 1128 1682 1175 sunt.

176 1201 309 1247 Sene
343 1197 506 1260 igitur
538 1203 821 1249 metuente,
851 1210 918 1240 ne
948 1194 1184 1241 vicinum
1217 1193 1498 1258 ipsumque
1527 1193 1687 1241 simul

173 1263 424 1327 decipiat,
483 1261 764 1322 neutrique
811 1260 939 1307 velit
985 1277 1090 1309 esse
1132 1260 1330 1318 fidelis,
1387 1262 1557 1326 pergit
1602 1275 1686 1308 ea:

174 1330 318 1378 mala
349 1329 492 1378 nulla
514 1339 589 1375 est
617 1331 878 1385 meretrix,
911 1331 1095 1390 peiora
1119 1326 1208 1376 vbi
1239 1332 1557 1386 cotzueniunt,
1587 1328 1622 1374 i.
1639 1344 1686 1376 e.

174 1399 268 1445 vbi
305 1397 450 1462 optio
488 1395 750 1444 meretrici
780 1406 855 1443 est
887 1396 1025 1443 inter
1060 1396 1194 1443 male
1232 1406 1283 1444 et
1311 1397 1467 1460 peius*
1496 1394 1688 1444 facien·
1739 1445 1742 1450 ⁴

174 1464 325 1523 dum,
347 1464 482 1512 mala
513 1478 621 1511 esse
646 1462 806 1520 nolet,
845 1479 953 1526 quo
978 1464 1128 1527 peior
1155 1478 1264 1512 esse
1293 1465 1471 1528 possit.
1544 1466 1687 1511 Haec

172 1543 226 1582 et
264 1535 544 1579 innumera
581 1529 841 1579 eiusmodi
871 1531 1252 1595 conrupturine
1282 1531 1505 1579 iuuenes
1544 1541 1684 1590 sunt,

173 1617 240 1650 an
286 1598 575 1665 prudenter
621 1598 914 1646 monentis?
971 1598 1170 1645 vitione
1211 1600 1394 1647 Plauto
1435 1597 1686 1647 vertenda

172 1678 324 1724 sunt,
379 1683 443 1714 an
479 1664 772 1713 laudandus
807 1666 984 1730 potius
1028 1676 1129 1723 est,
1172 1667 1430 1730 exemplis.
1458 1666 1685 1716 malitiae

168 1735 457 1801 propositis
508 1732 570 1780 ab
624 1749 800 1780 amore
854 1733 1151 1782 meretricio
1202 1736 1462 1783 auocans‘?
1525 1737 1684 1784 Senes

170 1819 328 1857 vero,
396 1801 734 1849 meretricum
781 1811 1079 1858 sectatores,
1144 1801 1200 1848 in
1244 1802 1472 1850 Asinaria
1520 1801 1685 1865 inque

169 1867 512 1920 Bacchidibus
535 1877 732 1924 monet,
768 1883 925 1930 quam
953 1869 1180 1932 turpiter
1199 1885 1252 1916 se
1277 1867 1580 1932 spoliandos
1594 1868 1684 1917 de-

169 1936 523 2000 ridendosque
550 1934 844 1999 praebeant,
880 1937 1262 2000 posteriorique
1287 1935 1382 1983 hac
1409 1936 1463 1983 in
1488 1935 1682 1996 fabula,
1741 1971 1742 1974 η

171 2021 277 2068 qua
308 2003 442 2052 duos
471 2012 642 2068 patres
676 2018 785 2049 non
817 2002 996 2067 pudet,
1033 2003 1223 2051 riuales
1252 2001 1378 2051 filiis
1415 2002 1551 2060 fieri,
1586 2021 1683 2069 per
1741 2005 1742 2058 ἶ

171 2075 394 2138 Gregem
421 2087 474 2119 se
506 2080 733 2118 excusat:
770 2068 821 2117 ln'
846 2088 1001 2127 senes,
1035 2074 1135 2118 nisi
1153 2070 1389 2138 fuissent
1413 2070 1558 2119 nihili
1577 2075 1682 2122 iam

168 2141 289 2190 inde
317 2138 381 2187 ab
407 2138 769 2194 adolescentia,
789 2154 885 2186 non
907 2136 1055 2186 hodie·
1073 2137 1166 2186 hoc
1190 2147 1391 2186 tantum
1402 2136 1681 2206 flagitium

156 2204 407 2277 facerent
448 2207 589 2254 canis
626 2203 879 2268 capitibus
889 2222 908 2264 ,-
965 2222 1123 2269 neque
1166 2221 1262 2252 nos
1303 2206 1503 2253 Comici
1548 2207 1680 2256 adeo

169 2274 295 2323 llaec
311 2271 617 2343 faceremus
651 2272 1137 2335 (proponeremus),
1181 2276 1235 2319 ni
1267 2271 1485 2320 antehac
1519 2275 1682 2322 vidis-

163 2360 336 2392 semus
362 2338 508 2410 fieri.
602 2339 812 2387 Multus
853 2356 1013 2403 porro
1058 2340 1273 2388 Plautus
1318 2340 1375 2386 in
1412 2339 1679 2389 monendo

166 2412 416 2465 iuuenes,
451 2423 519 2454 ne
555 2423 582 2453 a
613 2406 846 2471 parasitis
877 2406 1083 2454 comedi
1115 2423 1194 2464 se,
1230 2423 1336 2454 neu
1369 2423 1395 2454 a
1422 2406 1681 2456 fenerato-

165 2478 312 2528 ribus
342 2475 605 2540 patiantur
636 2472 820 2536 diripi,
865 2474 1056 2522 milites
1095 2490 1247 2530 vero,
1291 2490 1357 2522 ne
1390 2470 1543 2523 inani*
1571 2476 1680 2541 glo-

166 2545 389 2595 riatione
423 2542 525 2607 ipsi
561 2557 612 2588 se
649 2538 805 2587 ludos
845 2538 1060 2598 faciant,
1120 2557 1320 2598 nonne,
1374 2541 1518 2604 quod
1555 2559 1583 2590 e
1622 2560 1679 2591 re

168 2613 443 2674 Vtriusque
479 2618 581 2663 est,
629 2617 767 2654 recte
805 2609 1070 2655 monuisse
1103 2607 1393 2656 laudandus
1426 2611 1533 2657 est?
1596 2613 1680 2658 In-

165 2681 289 2747 pius
329 2679 524 2743 quippe
563 2690 670 2723 esse
705 2690 825 2723 non.
855 2686 1080 2740 poterat,
1130 2677 1223 2739 qui
1256 2686 1459 2724 tantum
1490 2677 1678 2736 aberat,
