1742 2924
217 151 309 198 592
663 161 677 186 ι
742 150 750 158 “
814 152 1128 190 Ρεενυοιι

214 263 308 304 BA.
332 259 500 316 Quaeso
530 260 690 307 hercle,
710 261 829 315 prius
852 274 982 316 quam
1012 263 1251 320 quidquam
1275 269 1475 310 conuiuis
1505 268 1642 318 dabis,
1671 268 1721 323 9ς

213 338 383 379 Gustato
414 346 506 378 tute
534 338 679 392 prius,
711 348 754 378 et
783 335 1005 392 discipulis
1036 338 1150 386 dato,

207 415 265 455 Vt
291 413 553 469 praerodatis
581 410 738 453 vostras
766 411 972 453 furtificas
1005 428 1176 455 manus.

215 491 296 533 Co.
325 489 509 530 Fortaffe
532 489 638 529 haec
662 499 709 529 tu
736 502 855 529 nunc
887 490 999 529 mihi
1033 504 1123 530 non
1154 490 1313 537 credas,
1351 505 1460 546 quae
1491 495 1661 551 loquor.

208 569 301 626 Βᾼ.
335 564 538 605 Molestus
570 578 626 604 ne
665 565 727 610 sis,
762 565 949 604 nimium
984 567 1070 606 iam
1108 567 1258 614 tinnis,
1288 582 1379 607 non
1411 570 1568 624 places.

206 643 336 688 Hem,
369 643 565 697 illiclego
593 641 759 679 habito.
794 642 907 680 intro
928 641 1016 682 huc
1041 643 1126 687 abi,
1162 654 1203 683 et
1234 657 1414 684 coenam
1446 659 1584 701 coque
1639 644 1717 687 mo

185 718 402 773 Propere.
452 717 531 758 Co.
563 715 685 770 Quin
714 717 750 756 is
780 715 1049 763 adcubitum,
1075 727 1118 758 et
1145 720 1354 759 conuiuas
1387 720 1509 760 cedo.
1647 704 1654 714 x

203 793 522 848 Conrurnpitur
545 793 630 832 iam
658 804 806 832 coena.
866 795 958 833 ΒΛ.
993 795 1122 840 Hem,
1154 793 1346 834 subolem
1377 796 1426 835 lis
1456 794 1582 836 vide!

202 872 294 911 Iam
322 871 396 910 hic
427 881 600 924 quoque
635 867 832 909 scelestus
865 868 934 915 est,
964 870 1096 924 coqui
1123 857 1352 925 sublingio.

198 944 415 992 Profecto,
443 943 550 999 quid
578 958 696 985 nunc
722 945 915 999 primum
945 957 1137 992 caueam,
1167 929 1327 991 nescio,

200 1024 266 1063 Ita
295 1024 340 1062 in
371 1020 550 1062 aedibus
587 1020 684 1060 sunt
714 1020 854 1060 fures:
892 1020 1052 1076 praedo
1080 1021 1125 1060 in
1159 1033 1372 1075 proxumo
1400 1019 1469 1061 est.
1635 1031 1708 1070 ιος

198 1100 288 1139 lam
321 1110 343 1137 a
375 1111 446 1137 me
475 1098 550 1137 hic
581 1098 755 1137 vicinus
781 1096 897 1151 apud
929 1096 1073 1137 forum
1105 1099 1236 1153 paulo
1265 1098 1384 1153 prius

195 1176 322 1216 Pater
349 1172 541 1215 Calidori
571 1185 698 1228 opere
729 1173 887 1226 petiuit
917 1185 1138 1219 maxumo,

195 1252 250 1291 Vt
276 1250 389 1290 mihi
418 1261 618 1289 canerem
654 1262 677 1287 a
710 1247 923 1289 Pseudolo
956 1246 1079 1288 seruo
1107 1246 1199 1293 suo,

198 1327 294 1368 Neu
323 1323 454 1364 fidem
493 1324 535 1362 ei
572 1324 789 1363 haberem.
822 1336 923 1364 nam
958 1335 1060 1363 eum
1093 1323 1326 1362 circumire
1353 1323 1401 1362 in
1426 1323 1547 1363 hunc
1575 1321 1737 1386 diem,x

193 1402 250 1441 Vt
278 1413 374 1445 me,
405 1400 431 1438 fi
461 1397 616 1454 posset,
648 1399 830 1438 muliere
859 1399 1177 1444 interuorteret,
1628 1409 1707 1438 110

192 1476 309 1517 Eum
343 1470 574 1531 promisisse
601 1473 795 1520 firmiter,
823 1474 934 1513 dixit
961 1474 1049 1520 fibi,

194 1551 293 1594 Sese
322 1551 611 1591 abducturum
639 1563 662 1589 a
691 1538 763 1587 me
791 1547 902 1587 dolis
930 1548 1234 1590 Phoenicium.

191 1630 322 1671 Nunc
354 1628 427 1682 ibo
457 1629 587 1672 intro,
619 1636 747 1680 atque
776 1624 944 1663 edicam
974 1624 1273 1671 familiaribus,

188 1704 392 1763 Profecto
425 1717 480 1743 ne
509 1702 604 1757 quis
636 1700 877 1757 quithuam
907 1700 1051 1741 credat
1080 1699 1307 1741 Pseudolo.

500 1847 791 1890 ACTVS
847 1846 924 1887 IV.
994 1845 1294 1888 SCENA
1348 1844 1380 1884 1.

672 1947 995 1988 ΡεΕνΒοινε,
1038 1947 1206 1977 SIMIA.

243 2038 290 2078 Si
320 2050 528 2092 vmquam
562 2049 826 2093 quemquam
853 2035 911 2074 Di
939 2032 1190 2073 inmortales
1219 2031 1395 2071 voluere
1426 2029 1506 2072 esse
1536 2032 1698 2072 auxilio

941 2103 1155 2149 adiutum,

183 2178 298 2218 Tum
328 2188 401 2216 me
426 2186 469 2215 et
492 2174 744 2216 Calidorum
774 2174 989 2214 seruatum
1018 2175 1174 2213 volunt
1204 2169 1299 2217 esse,
1325 2179 1367 2209 et
1394 2171 1599 2210 lenonem
1629 2183 1697 2210 ex-

933 2243 1150 2288 stinctum,

180 2325 332 2379 Quum
365 2331 408 2362 te
447 2320 690 2360 adiutorem
732 2330 921 2372 genuere
956 2320 1090 2366 mihi,
1132 2328 1218 2357 tam
1258 2315 1438 2356 doctum
1467 2314 1694 2355 hominem

916 2402 1065 2448 xatque
1095 2391 1291 2432 astutum.

127 2508 130 2513 ,
181 2477 266 2517 Sed
308 2476 383 2516 vbi
425 2476 517 2514 illic
558 2473 646 2513 est?
702 2471 854 2514 sumne
896 2482 975 2525 ego
1016 2468 1148 2507 homo
1191 2466 1418 2518 insipiens,
1466 2461 1542 2520 qui
1586 2458 1693 2503 haec

936 2550 1112 2578 mecum
1149 2546 1319 2590 egomet
1349 2537 1506 2589 loquor
1543 2530 1692 2573 solus?

176 2620 312 2662 Dedit
340 2619 467 2667 verba
499 2618 609 2657 mihi
641 2616 800 2664 hercle,
843 2624 889 2655 vt
921 2614 1091 2668 opinor,
1120 2614 1259 2652 malus
1293 2624 1393 2651 cum
1425 2611 1539 2653 malo
1567 2608 1692 2650 stulte

934 2695 1043 2723 caui.
1666 2691 1705 2729 ς,
