1742 2924
185 179 279 223 320
347 164 352 167 “
748 177 1127 216 ΒΑεοΗιονΜ
1200 170 1201 173 ’

157 262 162 267 -›
185 288 259 332 Pz.
292 284 380 344 Qui
408 283 513 327 scire
543 281 743 340 polium?
790 285 878 327 Cu.
905 285 1064 331 Nullus
1090 287 1199 342 plus.
1245 287 1320 330 1²1.
1351 279 1599 347 Quemnam
1633 294 1687 336 ad

1086 365 1306 406 modum?

191 440 280 482 Cn.
313 434 428 494 Quia
462 437 490 476 fi
521 433 593 477 illa
625 432 806 476 inuenta
837 435 918 486 est,
959 452 1090 495 quam
1127 438 1200 479 ille
1235 451 1372 489 amat,
1420 439 1535 484 'viuit
1567 454 1686 485 recte

1083 520 1127 551 et
1153 511 1290 552 valet:

181 583 226 626 Si
253 597 344 624 non
377 579 557 624 inuenta
587 581 664 629 est,
694 580 841 624 minue
870 585 1017 632 valet,·
1038 584 1326 628 moribundus
1353 586 1421 628 est.
1636 603 1681 638 15

178 657 334 701 Anima
365 658 421 698 est
451 655 586 699 amica
618 656 801 700 amanti:
840 660 866 698 fi
894 660 1029 708 abest,
1070 663 1218 704 nullus
1247 662 1325 703 est:

180 733 224 776 Si
254 733 379 779 adest,
408 747 473 773 res
507 732 694 775 nulla’st:
733 731 851 790 ipsus
882 734 939 775 est
965 748 1153 791 nequam
1185 748 1228 778 et
1256 736 1397 779 mirer.

127 832 132 835 »
179 814 265 854 Sed
293 822 338 852 tu
370 809 475 867 quid
506 807 703 852 factitasti
734 809 949 852 mandatis
977 811 1131 867 super?

177 892 252 933 Pr.
286 891 419 945 Egon’
444 899 502 933 vt,
538 886 655 943 quod
687 888 738 928 ab
770 883 844 926 illo
871 886 1082 944 adtigiss'et
1116 888 1311 939 nuntius,

174 969 276 1008 Non
311 963 577 1020 inpetratum
611 959 657 1001 id
685 959 937 1004 aduenienti
973 963 1013 1006 ei
1041 967 1298 1009 redderem?
1629 984 1679 1010 zo

172 1041 389 1099 Regiones
422 1043 561 1081 colere
591 1041 823 1080 mauellem
855 1039 1173 1109 Acherunticas.

182 1123 270 1169 CH.
302 1121 412 1166 Eho,
445 1133 497 1158 an
530 1115 732 1158 inuenisti
762 1114 1055 1158 Bacchidem?
1109 1118 1181 1159 ΡΙ.
1212 1114 1401 1158 Samiam
1431 1115 1624 1175 quidem.

180 1200 268 1242 CH.
300 1194 408 1236 Vide
439 1194 609 1251 quaeso,
645 1207 701 1233 ne
733 1191 830 1248 quis
860 1202 1011 1233 tractet
1040 1190 1159 1249 illam
1186 1191 1433 1250 indiligens.

172 1272 265 1315 Scis
295 1282 357 1318 tu,
387 1282 436 1312 vt
466 1268 684 1326 confringi
712 1283 785 1309 vas
812 1267 901 1311 cito
932 1266 1126 1308 Samium
1155 1268 1276 1310 solet.
1348 1277 1350 1279 ’

173 1352 249 1395 Pr.
283 1351 442 1391 Iamne,
470 1355 519 1385 vt
543 1344 679 1385 soles?
723 1346 810 1386 Cu.
840 1342 923 1384 Dic
950 1343 1024 1385 vbi
1054 1358 1100 1385 ea
1125 1358 1244 1385 nunc
1272 1344 1341 1390 est,
1371 1343 1580 1386 obsecro?
1627 1357 1645 1383 2
1654 1356 1674 1394 ς

170 1429 246 1471 ΡΙ.
280 1425 365 1467 Hic
397 1433 626 1464 exeuntem
660 1435 732 1460 me
765 1421 883 1460 vnde
910 1417 1130 1475 adspexisti
1154 1421 1302 1460 modo.

177 1505 265 1546 CH.
296 1503 349 1540 Vt
379 1497 484 1540 istuc
516 1496 572 1538 est
596 1494 813 1552 lepidum:
851 1510 1088 1550 proxumae
1118 1493 1307 1538 viciniae

170 1574 363 1618 Habitat.
395 1583 438 1614 et
464 1570 675 1629 quidnam
708 1570 911 1613 meminit
936 1570 1229 1614 Mnefilochi‘?
1285 1574 1359 1615 Ρι.
1389 1576 1564 1631 Rogas?

168 1656 309 1695 Immo
335 1649 463 1693 v'nice
494 1663 632 1690 vnum
663 1646 838 1704 plurimi
865 1644 1035 1704 pendit.
1088 1649 1177 1690 Cn.
1206 1649 1369 1704 Papae!

168 1730 246 1772 Pz.
279 1729 418 1768 Immo
447 1736 495 1765 vt
522 1738 624 1764 eum
653 1721 822 1765 credis?
861 1722 1014 1764 misere
1046 1737 1194 1764 amans
1222 1725 1443 1769 defiderat.
1623 1742 1675 1779 30

170 1807 259 1848 Cn.
289 1802 456 1845 Scitum
486 1799 623 1842 istuc?
673 1800 745 1841 Ρι.
774 1802 914 1840 Immo
936 1801 1161 1855 Chrysale!
1196 1805 1312 1850 hem,
1336 1795 1434 1844 ‘non
1457 1806 1674 1847 tantulum

163 1883 383 1935 qunam
412 1876 662 1918 intermittit
689 1889 874 1931 tempus,
907 1874 1016 1932 quin
1045 1891 1145 1918 eum
1174 1875 1386 1919 nominet.

172 1957 259 1999 Cu.
275 1956 419 1996 Tanto
436 1953 581 1995 hercle
606 1950 761 1994 melior
772 1950 969 1994 Bacchis.
993 1954 1078 2013 ΙΡιτ.
1099 1955 1238 1993 Immo
1255 1977 1310 1983 —
1345 1953 1596 1995 CH..Immo
1617 1977 1671 1986 --

1069 2024 1215 2063 hercle
1241 2020 1387 2064 abiero
1563 2032 1566 2034 ’

161 2097 329 2141 Potius.
380 2099 455 2141 Pl·
487 2098 606 2137 Num
634 2094 802 2138 inuitus
832 2111 924 2138 rem
952 2098 1065 2139 bene
1094 2098 1254 2156 gestam?
1276 2098 1398 2140 audis
1431 2099 1559 2142 heri?

168 2177 257 2218 Cn.
292 2173 393 2214 Non
424 2173 580 2217 herus,
611 2169 683 2212 sed
713 2182 831 2214 actor
858 2170 967 2213 mihi
993 2188 1069 2215 cor
1098 2172 1200 2215 odio
1232 2173 1406 2217 sauciat.
1616 2192 1665 2227 35

162 2249 306 2291 Etiam
322 2249 572 2302 Epidicum,
594 2262 723 2304 quam
743 2263 824 2306 ego
844 2249 1049 2291 Fabulam
1070 2263 1206 2306 aeque
1225 2263 1275 2291 ac
1301 2265 1371 2291 me
1395 2249 1536 2307 ipsum
1557 2264 1669 2298 amo,

158 2328 337 2368 Nullam
363 2338 499 2381 aeque
530 2322 697 2366 inuitus
726 2324 894 2380 specto,
928 2326 954 2364 fi
983 2322 1071 2380 agit
1098 2326 1248 2366 Pellio.

160 2403 246 2443 Sed
275 2398 457 2442 Bacchis
487 2397 618 2440 etiam
649 2398 772 2441 fortis
804 2397 885 2439 tibi
913 2399 1000 2441 visa
1031 2401 1120 2442 est?
1167 2403 1241 2444 Pl.
1271 2402 1446 2459 Rogas?
1492 2387 1495 2389 Ι

157 2477 215 2519 Ni
249 2487 401 2518 nactus
421 2476 629 2517 Venerem
662 2477 803 2523 effem,
835 2479 948 2518 hanc
974 2478 1186 2518 Iunonem
1218 2475 1419 2520 dicerem.

165 2556 252 2597 Cn.
270 2553 452 2610 Edepol,
479 2553 756 2599 Mnesiloche,
782 2562 830 2594 vt
855 2565 946 2592 rem
965 2552 1078 2592 hanc
1099 2563 1242 2592 natam
1266 2553 1345 2594 effe
1363 2551 1580 2611 intellego,
1609 2570 1661 2607 40

156 2631 291 2685 Quod
322 2643 452 2675 ames,
485 2633 680 2684 paratum
710 2627 779 2668 est.
810 2630 927 2684 quod
955 2629 1042 2675 des,
1070 2626 1251 2670 inuento
1281 2628 1334 2668 est
1365 2643 1486 2685 opus.

153 2706 265 2747 Nam
297 2704 400 2747 istoc
426 2704 595 2746 fortall'e
621 2710 780 2744 aurum'
804 2702 861 2743 est
902 2703 1044 2759 opus?
1095 2705 1168 2747 Px.
1197 2689 1657 2763 Philippeoquidem!
1695 2764 1700 2776 .
