1742 2924
209 169 302 214 240
813 164 840 204 c
858 164 883 198 Α
893 164 918 197 ε
935 164 948 196 1
965 165 996 198 N
1011 166 1040 199 A
1054 165 1081 200 ε
1380 176 1387 187 2
1523 123 1547 206 ἶ

206 281 290 321 AL·
315 275 454 316 Miror
475 273 567 316 huc
585 269 671 312 iam
699 284 789 311 non
812 269 957 310 arcem
979 272 1026 310 in
1055 286 1317 327 proxumum
1339 288 1517 317 vxorem
1542 293 1696 326 meam,
1725 306 1729 309 κ

205 344 328 410 Quae
356 355 443 392 iam
470 349 656 395 dudum,
691 348 718 387 fi
747 347 989 395 arceffatur‚
1023 359 1169 389 ornata
1200 350 1412 406 exspectat
1441 352 1574 395 domi.
1645 372 1697 400 10

204 430 290 471 Sed
322 440 486 473 eccam,
536 427 705 481 opinor,
744 422 918 463 arceffit.
955 423 1091 483 salue,
1138 425 1379 467 Cleostrata.
1440 429 1519 470 CL.
1559 431 1613 470 Et
1647 442 1696 472 tu

1096 496 1312 536 Alcefime.

204 573 285 612 Vbi
313 581 383 611 tua
406 566 544 608 vxor?
585 568 668 607 AL.
695 565 814 604 Intus
841 564 910 602 illa
931 573 996 610 te,
1035 565 1061 603 fi
1090 564 1131 603 se
1162 566 1353 614 arcellas,
1382 579 1550 610 manet:

202 648 316 689 Nam
339 656 439 685 tuus
459 644 526 683 vir
543 654 614 681 me
633 642 789 687 orauit,
814 650 861 679 vt
883 653 978 680 eam
999 638 1103 678 istuc
1125 640 1178 678 ad
1198 649 1239 679 te
1260 642 1457 683 adiutum
1473 645 1702 687 mitterem.

201 725 300 764 Vin’
322 719 507 762 vocem?
543 719 622 760 CL.
644 717 768 756 Sine:
799 716 918 761 nolo,
940 717 966 755 fi
993 717 1203 772 obcupata
1224 717 1293 758 est.
1339 724 1422 760 AL.
1448 722 1599 762 Otium
1625 721 1695 763 est.

211 801 290 841 CL.
320 796 443 837 Nihil
466 807 624 840 moror,
653 792 823 833 molesta
845 795 886 832 ei
910 792 988 855 effe
1020 794 1145 835 nolo:
1173 793 1265 850 post
1296 809 1557 838 conuenere.
1647 814 1696 850 15

203 879 287 919 AL·
318 872 420 914 Non
442 871 603 911 ornati&
636 867 727 908 istic
755 868 869 923 apud
894 883 972 909 vos
998 871 1205 926 nuptias?
1252 873 1331 912 CL.
1361 872 1479 912 Orno
1512 883 1555 913 et
1581 886 1697 928 paro.

203 958 288 996 AL·
311 950 411 990 Non
430 959 528 1002 ergo
549 944 682 1000 opu'st
701 943 943 984 adiutrice?
981 947 1061 988 CL.
1080 948 1189 988 Satis
1207 947 1325 988 domi
1342 946 1411 992 est,
1426 947 1502 986 vbi
1521 950 1699 1002 nuptiae

201 1030 403 1074 Fuerint,
455 1033 551 1064 tum
596 1019 715 1059 istam
767 1022 1038 1070 conuenibo‚
1088 1037 1209 1064 nunc
1253 1025 1371 1070 vale,
1420 1033 1548 1079 atque
1583 1024 1702 1065 istam

1096 1093 1211 1132 iube.
1243 1092 1368 1143 (abit)

202 1174 287 1214 AL·
322 1164 502 1228 (secum)
535 1164 656 1220 Quid
691 1175 770 1217 ego
810 1174 929 1201 nunc
964 1160 1153 1200 faciam?
1203 1160 1418 1215 flagitium
1448 1171 1701 1209 maxumum

1099 1229 1184 1270 feci
1215 1229 1358 1278 miser,

197 1311 377 1365 Propter
406 1318 577 1361 operam
610 1304 726 1343 illius
759 1302 906 1356 hirqui
941 1301 1114 1354 inprobi
1144 1301 1352 1348 edentuli,
1649 1325 1704 1354 20

200 1384 291 1438 Qui
321 1384 404 1422 hoc
429 1380 540 1419 mihi
567 1378 790 1419 contraxit.
821 1390 992 1431 operam
1024 1378 1165 1417 vxoris
1192 1378 1398 1432 polliceor
1426 1378 1551 1428 foras,

199 1459 324 1514 Quali
355 1452 612 1496 catillatum!
647 1454 858 1509 flagitium
884 1453 1102 1500 hominis,
1131 1455 1208 1509 qui
1238 1454 1347 1494 dixit
1370 1455 1482 1495 mihi

197 1536 331 1576 suam
342 1546 520 1574 vxorem
537 1531 650 1570 hanc
665 1526 951 1569 arceffituram
974 1527 1074 1567 effe:
1096 1541 1142 1567 ea
1163 1527 1205 1568 se
1222 1542 1316 1568 eam
1336 1540 1466 1585 negat
1483 1536 1698 1576 morarier,

196 1614 339 1667 Atque
371 1608 524 1663 edepol
551 1608 727 1651 mirum,
753 1607 799 1643 ni
823 1606 989 1644 subolet
1010 1606 1096 1644 iam
1126 1606 1211 1645 hoc
1240 1607 1345 1646 huic
1372 1609 1543 1655 vicinae
1563 1624 1697 1653 meae.

195 1690 357 1729 Verum
374 1697 531 1732 autem,
543 1680 824 1723 altrouorsum
841 1693 975 1733 quum
990 1694 1083 1720 eam
1095 1695 1266 1722 mecum
1285 1684 1496 1725 rationem
1513 1695 1634 1740 puto,
1648 1705 1699 1740 25

197 1765 244 1804 Si
274 1763 379 1819 quid
407 1762 499 1802 eius
528 1759 647 1804 estet,
692 1758 791 1797 esset
819 1768 992 1796 mecum
1023 1757 1266 1813 postulatio

195 1839 273 1879 Ibo
305 1839 432 1883 intro,
454 1844 504 1874 vt
529 1834 764 1875 subducam
791 1833 941 1870 nanim
970 1833 1137 1873 rursum
1165 1835 1210 1873 in
1238 1834 1547 1889 puluinarium.
1573 1839 1700 1892 (abit)

202 1916 282 1957 CL.
313 1917 442 1969 (quae
459 1926 601 1965 prope
631 1911 841 1960 latuerat)
883 1910 971 1949 Iam
994 1911 1068 1951 hic
1088 1910 1145 1950 est
1164 1911 1306 1966 lepide
1331 1912 1588 1955 ludificatus.
1617 1917 1696 1954 mi-

1098 1978 1180 2019 seri
1208 1990 1256 2019 vt
1287 1978 1487 2019 festinant
1517 1981 1658 2025 senes!

194 2055 328 2097 Nunc
347 2038 427 2110 ego
445 2054 569 2092 illum
588 2053 731 2098 nihili,
753 2053 1034 2105 decrepitum,
1052 2063 1200 2089 meum
1221 2051 1363 2088 virum
1385 2065 1409 2088 v
1414 2051 1529 2091 eniat
1550 2053 1697 2101 velim,

194 2131 251 2171 Vt
275 2143 373 2170 eum
405 2127 623 2169 ludificem
647 2124 843 2173 viciffim,
868 2124 1089 2180 postquam
1109 2126 1228 2164 hunc
1249 2123 1380 2164 delufi
1407 2128 1605 2168 alterum.
1646 2145 1700 2179 30

192 2205 307 2246 Nam
331 2217 411 2260 ego
441 2198 604 2258 aliquid
634 2202 882 2243 contrahere
914 2201 1041 2254 cupio
1065 2201 1194 2256 litigii
1222 2202 1334 2239 inter
1363 2213 1435 2241 eos
1464 2202 1586 2241 duos.

194 2281 279 2323 Sed
302 2294 453 2324 eccum
483 2278 663 2320 incedit.
693 2286 748 2323 at,
770 2289 905 2331 quom
934 2274 1139 2330 adspicias
1169 2275 1343 2322 tristem,
1373 2275 1488 2332 frugi
1510 2277 1693 2319 censeas.

510 2436 763 2479 ACTVS
818 2435 910 2476 ΙΙΙ.
977 2431 1236 2474 SCENA
1288 2434 1378 2474 111.

608 2514 842 2567 ¹s‘rAano
858 2555 870 2573 ,
913 2533 1257 2564 CLEOSTRATA.

248 2622 439 2664 Stultitia
471 2636 624 2679 magna
656 2621 731 2668 est,
775 2633 871 2660 mea
901 2618 1077 2675 quidem
1106 2617 1328 2664 sententia,

190 2693 432 2736 Hominem
460 2690 694 2737 amatorem
724 2691 861 2732 vllum
892 2689 945 2729 ad
973 2687 1115 2729 forum
1147 2687 1380 2742 procedere
