1742 2924
163 169 258 203 100
751 170 1061 207 ASINAMA

159 279 209 319 In
236 277 401 320 foribus
434 276 608 326 scribat,
639 278 899 332 obcupatam
931 279 1009 319 effe
1038 278 1105 321 se„
1623 300 1675 337 15
1731 334 1734 337 ⁴

159 357 247 397 Aut
279 354 399 412 quod
427 355 499 394 illa
527 354 643 394 dieat
669 367 846 409 peregre
877 354 1061 395 adlatam
1091 355 1326 410 epistolam,

151 432 228 485 ‘Ne
259 430 432 487 epistola
462 430 643 486 quidem
674 431 758 470 vlla
788 431 836 470 fit
866 433 913 471 in
943 431 1135 479 aedibus,

143 486 254 557 ,Nec
287 517 422 547 cerata
452 505 557 545 adeo
589 505 747 545 tabula.
781 517 822 546 et
849 507 876 544 fi
905 520 990 562 qua
1020 508 1189 548 inutilis
1360 541 1366 544 .
1665 524 1673 546 r
1728 513 1742 552 >ζ

158 583 334 623 Pictura
364 583 434 627 fit,
467 595 561 620 earn
590 581 765 620 vendat.
800 582 848 619 ni
878 568 1103 636 quatriduo
1311 635 1317 638 .

157 658 444 703 Abalienarit‚
479 670 566 711 quo
595 657 669 697 abs
696 665 742 697 te
769 667 993 712 argentum
1026 658 1258 714 adceperit,
1500 644 1512 654 ’
1618 679 1672 710 20

153 735 281 774 Tuus
310 734 540 773 arbitratus
571 732 647 792 fit,
669 734 922 779 comburas,
962 735 990 773 fi
1017 735 1141 774 velis.

152 810 224 852 Ne
258 811 324 850 illi
350 811 398 850 fit
431 822 549 854 cera,
582 808 660 847 vbi
688 807 829 849 facere
858 807 982 864 posfit
1012 810 1168 850 literas.

154 872 292 927 Vocet
322 886 560 925 conuiuam
586 885 811 924 neminem
845 885 938 932 illa;
971 895 1021 925 tu
1047 898 1193 926 voces.

152 963 221 1006 Ad
250 975 402 1002 eorum
430 972 487 999 ne
517 973 647 1013 quem
674 960 824 999 oculos
854 959 1030 1000 adiiciat
1058 960 1168 1000 [1108.

155 1041 202 1080 Si
230 1051 361 1094 quem
390 1037 525 1076 alium
556 1033 770 1088 adspexit,
801 1047 924 1075 caeca
957 1029 1169 1076 continuo
1198 1036 1283 1076 fiet.
1595 1039 1693 1088 ,ις’

150 1117 322 1155 Tecum
355 1126 441 1152 vna
474 1109 616 1166 postea
645 1124 782 1165 aeque
811 1111 968 1166 pocula
997 1113 1165 1166 potitet.

149 1192 238 1235 Abs
269 1189 342 1229 ted
369 1188 581 1242 adcipiat,
611 1187 692 1226 tibi
719 1188 944 1242 propinet,
975 1197 1024 1226 tu
1057 1188 1192 1227 bibas.

147 1267 217 1308 Ne
239 1250 318 1305 'illa
349 1265 521 1307 minus,
563 1271 636 1302 aut
661 1264 758 1316 plus
788 1275 915 1317 quam
944 1272 1016 1307 tu,
1045 1261 1192 1317 sapiat.
1250 1263 1339 1304 Dr.
1371 1263 1480 1305 Satis
1508 1266 1661 1319 placet.

148 1345 243 1385 ΡΑ.
275 1339 551 1394 Suspiciones
582 1351 734 1378 omnes
765 1338 839 1377 abs
871 1337 912 1377 se
940 1337 1145 1392 segreget,

146 1421 303 1474 Neque
333 1416 456 1454 illaec
482 1415 560 1453 vili
589 1413 699 1468 pede
729 1413 885 1468 pedem
914 1413 1087 1454 homini
1116 1423 1297 1468 premat.
1605 1436 1658 1472 30

146 1498 302 1552 Quum
333 1491 489 1547 surgat,
519 1503 661 1544 neque
692 1491 739 1529 in
772 1490 934 1529 lectum
968 1488 1193 1529 inscendat
1223 1491 1492 1543 proximum,

143 1572 300 1625 Neque
329 1580 466 1623 quum
496 1565 726 1607 descendat
757 1565 882 1611 inde,
915 1564 987 1604 det
1018 1565 1224 1620 cuiquam
1254 1579 1450 1608 manum.

143 1644 439 1700 Spectandum
469 1655 524 1680 ne
553 1643 626 1683 cui
655 1641 864 1681 annulum
896 1639 990 1685 det,
1030 1654 1172 1695 neque
1198 1651 1333 1696 roget.

40 1720 43 1721 ⁷
88 1761 90 1766 ,
140 1723 271 1762 Talos
299 1733 355 1759 ne
386 1719 590 1773 cuiquam
617 1716 791 1756 homini
821 1715 1073 1762 admoueat,
1110 1717 1188 1755 nisi
1215 1717 1311 1757 tibi.

141 1799 294 1852 Quum
326 1795 477 1840 iaciat,
509 1793 596 1839 Te,
633 1805 690 1831 ne
721 1791 857 1831 dicat:
899 1805 1061 1831 nomen
1091 1794 1305 1832 nominet.
1422 1796 1446 1808 ·“
1538 1827 1541 1833 ,
1599 1807 1650 1846 35

135 1875 276 1914 Deam
307 1872 486 1910 inuocet
514 1868 609 1913 fibi,
650 1880 780 1922 quam
810 1866 1001 1912 lubebit‚
1030 1869 1278 1922 propitiam,

134 1946 494 1989 Deum'nullum.
528 1944 555 1981 fi
584 1943 720 1997 magis
751 1940 948 1997 religiosa
980 1942 1123 1989 fuerit,

133 2024 239 2063 Tibi
268 2022 406 2065 dicat,
435 2030 483 2059 tu
515 2030 589 2073 pro
623 2018 694 2057 illa
725 2030 841 2062 ores,
880 2026 928 2057 vt
960 2019 1007 2058 [it
1038 2019 1270 2074 propitius.

132 2097 388 2154 Nequepilla
421 2094 499 2135 vlli
524 2094 696 2134 homini
727 2102 877 2139 nutet,
911 2096 1069 2140 metet,
1102 2095 1284 2140 adnuat;
1350 2142 1353 2146 .

132 2174 252 2220 Post,
291 2174 317 2212 fi
346 2174 520 2212 lucerna
549 2167 748 2208 exstincta
786 2166 860 2214 est,
895 2182 951 2209 ne
985 2168 1091 2223 quid
1118 2168 1182 2210 sui
1587 2189 1644 2224 40

82 2277 85 2280 -
129 2250 322 2290 Membri
341 2252 620 2289 commoueat
637 2243 877 2298 quidquam
903 2245 948 2281 in
970 2243 1171 2284 tenebris.
1198 2245 1286 2286 Dr.
1301 2245 1545 2300 Optumum
1561 2247 1640 2289 est:

127 2327 194 2366 Ita
224 2326 384 2366 scilicet
412 2319 644 2361 facturam:
688 2332 842 2359 verum
874 2320 919 2358 in
949 2320 1153 2360 cubiculo
1381 2301 1386 2306 ι

125 2403 268 2442 Deme
299 2398 427 2438 istuc:
466 2394 670 2451 equidem
704 2394 819 2434 illam
850 2396 1021 2436 moueri
1048 2394 1192 2450 gestio.

118 2461 243 2517 ‘Nolo
272 2475 433 2515 habere
461 2471 579 2511 illam
611 2466 801 2516 causam,
839 2477 882 2508 et
906 2471 1087 2517 vetitam
1117 2471 1274 2512 dicere.

128 2554 222 2593 PA.
241 2550 355 2595 Scio,
374 2545 784 2600 captionesmetuis.
803 2545 890 2584 Dr.
904 2547 1075 2587 Verum.
1104 2548 1195 2587 ΡΛ
1212 2547 1338 2603 Ergo,
1360 2551 1632 2606 vtiubesass

124 2626 312 2665 Tollam.
348 2623 435 2663 Dr.
458 2621 578 2675 Quid
586 2611 677 2659 ni‘>
702 2621 793 2661 ΡΑ.
814 2620 927 2659 Audi
949 2622 1127 2675 reliqua.
1152 2623 1240 2663 Dt.
1256 2624 1467 2695 Loquere,
1485 2626 1629 2669 audio.

125 2702 217 2742 ΡΑ.
248 2699 401 2754 Neque
431 2698 572 2737 vllum
598 2695 782 2735 verbum
812 2693 942 2735 faciat
967 2696 1266 2751 perplexabile.
