1742 2924
294 184 338 209 Γ
624 220 822 257 Aca-vs
874 207 958 256 lll.
1242 195 1251 209 Χ
1449 220 1543 268 ²05

42 335 101 374 Er
127 320 303 388 quidem
330 330 487 385 reliqui
516 331 564 383 in
592 337 744 377 ventre
772 327 904 368 cellae
935 327 1015 367 vni
1044 327 1204 377 locum,

42 407 131 449 Vbi
150 407 428 462 reliquiarum
456 405 658 460 reliquias
683 402 975 444 reconderem.

27 478 157 538 ’ᾨιιίε
184 482 259 522 hic
286 480 367 528 est,
397 481 475 535 qui
502 488 652 535 operto
682 480 821 532 capite
848 477 1151 533 Aesculapium

25 555 238 600 santam
268 554 399 596 attat?
423 567 554 610 quem
584 555 866 610 quaerebam.
899 553 1073 609 sequere
1102 568 1189 594 me.

22 632 255 673 -Similabo
284 631 400 686 quali
429 640 518 678 'non
549 630 761 669 nouerim.
800 630 1003 684 (Lyconi)
1033 629 1143 669 heus
1169 629 1242 671 tu!
1275 641 1317 672 te
1341 634 1460 676 volo,

51 702 138 750 Lr.
166 707 380 752 Vnocule,
410 703 536 746 salue.
603 706 688 747 Cr.
719 703 913 759 Quaeso,
944 703 1171 747 deridesne
1199 707 1302 747 me?

50 785 138 826 Lr.
169 784 235 822 Dc
263 781 488 822 Coclitum·
510 781 707 837 prosapia
739 791 780 821 te
808 779 888 819 effe
917 780 1126 821 arbitror:

48 858 163 899 Nam
189 859 222 897 ii
247 850 346 897 suut
376 851 569 898 vnoc'uli.
634 858 720 899 CV.
752 855 978 910 Catapulta
1004 856 1090 897 hoc
1117 857 1257 896 ictum
1285 857 1343 898 est
1371 860 1484 899 mihi

50 933 177 989 Apud
204 933 452 985 Sicyonem.
512 933 598 973 Lx.
623 932 738 971 Nam
766 932 872 988 quid
905 931 951 971 id
977 931 1107 972 refert
1132 947 1242 982 mea,

30 1010 117 1050 'An
144 1010 246 1048 ‘aula
280 1007 419 1063 quass‘a
453 1020 556 1046 cum
585 1009 729 1047 cinere
757 1006 925 1047 effon'us
955 1007 1062 1048 fiet?

33 1085 145 1125 '‘Cr.
179 1079 359 1144 (secum)
393 1081 711 1137 Superstitiosus
738 1083 812 1123 hic
837 1083 1014 1139 quidem
1042 1083 1120 1124 est:
1149 1095 1248 1124 vera
1268 1086 1511 1141 praedicat:

53 1159 166 1199 Nam
197 1158 320 1198 illaec
347 1157 582 1212 catapultae
613 1157 667 1195 ad
696 1171 767 1197 me
797 1158 948 1199 crebro
977 1169 1237 1199 commeant.

55 1233 270 1288 (Lyconi)
298 1229 573 1278 Adolescens,
619 1231 676 1271 ob
705 1246 799 1273 rem
826 1233 1043 1288 publicam
1071 1234 1158 1274 boc
1187 1237 1306 1276 intus
1336 1236 1450 1278 mihi

58 1307 191 1362 Quod
219 1308 380 1363 infigne
405 1306 557 1352 habeo,
586 1305 755 1362 quaeso,
783 1321 842 1348 ne
864 1321 936 1348 me
962 1310 1223 1351 incornities.
1507 1328 1561 1364 30

58 1385 145 1425 Lr.
174 1383 354 1423 Licetne
381 1380 583 1428 inforare,
617 1382 646 1420 [i
676 1383 949 1424 incomitiare
975 1397 1066 1425 non
1095 1385 1229 1426 licet?

62 1458 150 1499 Cr.
182 1456 283 1497 Non
310 1456 517 1497 inforabis
546 1470 617 1497 me
647 1458 849 1513 quidem:
889 1472 971 1499 nec
997 1459 1109 1499 mihi
1132 1461 1273 1516 placet

19 1549 38 1583 .‘
56 1533 206 1572 Tuum
231 1529 425 1586 profecto
454 1544 537 1571 nec
564 1531 732 1579 forum,
760 1546 843 1574 nec
873 1535 1116 1576 comitium.

58 1606 144 1646 Sed
170 1607 313 1650 hunc,
343 1620 473 1661 quem
502 1619 676 1662 quaero,
709 1609 1040 1650 commonstrare
1071 1612 1099 1649 fi
1133 1608 1271 1666 putea,

61 1682 197 1721 Inibis
225 1692 248 1719 a
277 1693 348 1720 me
376 1679 556 1721 solidam
585 1692 629 1723 et
656 1684 861 1738 grandem
895 1686 1090 1739 gratiam.

60 1755 283 1806 Lyconem
311 1769 470 1811 quaero
498 1759 764 1811 trapezitam.
824 1761 910 1800 Lr.
938 1762 1023 1800 Dic
1052 1762 1178 1807 mihi,

61 1830 183 1883 Quid
211 1843 311 1869 eum
346 1843 464 1870 nunc
493 1833 696 1884 quaeris?
727 1844 802 1873 aut
827 1835 1026 1884 cuiatis?
1077 1837 1162 1878 CV.
1197 1837 1397 1892 Eloquar.

49 1888 132 1946 <Ab
160 1905 542 1959 Therapontigono
572 1907 843 1963 Platagidoro
872 1911 1025 1950 milite.

25 1971 154 2021 ³³*er
189 1979 306 2019 Noui
335 1979 488 2034 edepol
520 1989 702 2021 n'omen:
739 1996 840 2023 nam
870 1985 983 2023 mihi
1009 1984 1110 2026 istoc
1136 1988 1332 2033 nomine,

13 2058 31 2101 ἦ
67 2052 187 2093 Dum
212 2053 377 2101 scribo,
416 2057 587 2110 ‘expleui
614 2065 725 2096 totas
757 2071 888 2098 ceras·
904 2069 1097 2112 quatuor.

1494 578 1552 606 20

1499 953 1552 991 25

1509 1707 1563 1744 35

1546 2081 1572 2107 0

20 2121 156 2191 ‘'fSed
188 2129 295 2184 quid
322 2131 548 2181 Lyconem
572 2132 773 2186 quaeris?
836 2114 930 2174 Cr.
952 2133 1266 2174 Mandatum’st
1294 2137 1423 2183 mihi,
1514 2079 1541 2115 4
1613 2147 1636 2170 l

70 2205 124 2244 Vt
150 2205 227 2245 hae
256 2205 431 2245 tabellas
462 2205 514 2244 ad
545 2219 645 2246 eum
677 2206 847 2246 ferrem.
907 2210 993 2249 Lr.
1022 2209 1211 2264 Quistu
1239 2211 1375 2252 homo
1404 2211 1484 2252 es?

71 2265 166 2319 ¹Cr.
195 2276 394 2320 Libertus
427 2280 569 2326 illius,
599 2285 731 2335 quem
759 2283 900 2323 omnis
929 2283 1219 2325 Summanum
1252 2293 1425 2325 vocant.

80 2352 165 2392 Lr.
195 2353 448 2402 Snmmane,
478 2352 604 2395 salue.
636 2357 712 2410 qui
742 2357 1036 2399 Summanus?
1066 2348 1134 2400 fac
1159 2359 1305 2400 sciam.

86 2426 170 2468 Cr.
200 2426 314 2480 Quia
345 2429 610 2477 vestimenta,
640 2431 718 2469 vbi
751 2431 1001 2473 obdormiui
1029 2435 1190 2481 ebrius,

80 2499 338 2543 Summano:
371 2505 426 2544 ob
458 2517 552 2543 earn
580 2518 673 2544 rem
704 2518 775 2545 me
803 2520 953 2548 omues
981 2509 1271 2551 Summanum
1294 2519 1466 2551 vocant.

84 2573 171 2614 Lr.
203 2570 314 2627 Alibi
342 2586 387 2627 te
410 2579 593 2618 meliu’st
619 2594 821 2638 quaerere
851 2582 1087 2638 hospitium
1117 2585 1222 2626 tibi:

81 2647 210 2701 Apud
238 2663 308 2689 me
337 2652 529 2704 profecto
560 2655 673 2694 nihil
706 2655 763 2696 est
789 2657 1027 2699 Summano
1052 2661 1154 2700 loci.

83 2722 168 2761 sed
195 2722 333 2772 istum,
364 2739 491 2781 quem
525 2732 710 2781 quaeris,
740 2745 819 2786 ego
845 2733 951 2772 sum.
1006 2735 1091 2775 Cr.
1123 2736 1305 2789 Quaeso,
1341 2747 1445 2777 tune
1474 2739 1509 2776 is
1537 2749 1597 2777 es.

1520 2451 1575 2487 45
