1742 2924
156 149 251 203 690
637 165 641 178 =
803 134 1036 197 essnsxn

157 266 345 306 Venient
374 263 428 304 ad
454 272 497 311 te
518 259 811 303 comess‘atum.
844 262 937 301 Do.
958 263 1013 304 At
1039 274 1120 318 ego
1148 255 1383 305 intromitti
1412 275 1503 308 non
1522 269 1668 313 finam.

164 343 235 382 To.
256 341 308 380 At
337 340 456 379 enim
482 339 547 377 illi
567 348 701 378 noctu
730 331 1025 378 obcentabimt
1051 338 1217 384 ostium.
1236 351 1420 383 exurent
1442 341 1576 387 fores:
1620 361 1670 388 zo
1721 333 1728 341 ⁸

104 460 107 462 ⁴
158 414 351 459 Proinde
384 425 434 453 tu
461 414 542 453 tibi
578 407 726 454 iubeas
759 413 965 453 concludi
996 413 1119 454 aedes
1151 414 1320 456 foribus
1351 416 1528 460 ferreis:

157 492 333 532 Ferreae
366 489 491 528 aedes
524 499 788 534 commutes),
818 490 968 529 limina
1002 490 1125 531 indas
1153 489 1314 531 ferreaz

158 567 358 607 Ferream
387 563 519 605 seram
553 576 680 618 atque
707 565 938 604 annulum:
971 579 1049 612 ne,
1085 567 1110 605 fi
1142 565 1252 607 ferro
1283 567 1475 623 parseris,

158 643 193 683 F
197 654 335 683 erreas
365 650 456 681 tute
475 641 566 683 ,tibi
600 641 773 695 inpingi
805 641 952 681 iubeas
989 641 1136 682 craffas
1169 643 1406 698 compedis.

136 712 256 761 'D0.
290 720 308 757 1
343 718 390 755 in
419 717 583 756 malum
612 717 868 757 cruciatum.
949 720 1020 758 To.
1052 720 1068 758 1
1109 718 1228 765 saue,
1270 720 1383 761 hanc
1418 734 1514 761 eme
1545 730 1676 777 atque-

706 786 708 788 *
835 778 841 781 ”
884 840 889 846 ⁸
1043 794 1232 835 ausculta
1259 796 1385 836 mihi.
1624 810 1672 846 25

164 855 257 913 Do.
288 869 426 910 Modo
461 879 512 908 vt
539 867 690 915 sciam,
722 865 872 924 quanti
907 852 1084 910 indicet.
1152 873 1222 912 To.
1244 870 1338 910 Vin’
1372 871 1460 910 huc
1485 872 1675 931 vecem‘?

429 927 436 940 Ι
609 940 613 945 ’
1050 946 1143 998 Dq.
1176 946 1268 1000 Ego
1297 947 1371 987 illo
1401 946 1623 988 adcess'ero.

169 1023 240 1063 To.
267 1020 388 1076 Quid
415 1020 491 1068 ais,
520 1018 708 1075 hospes?
769 1018 849 1061 SA.
876 1018 1029 1067 Venio,
1059 1019 1229 1061 adduco
1259 1021 1386 1069 hanc,
1413 1023 1479 1062 vti
1505 1021 1676 1073 dudum

1049 1096 1258 1137 dixeram.

162 1173 277 1214 Nam
302 1174 398 1213 heri
428 1174 476 1212 in
498 1182 680 1227 portum
703 1180 838 1212 noctu
861 1173 987 1212 nauis
1012 1173 1158 1212 venit:
1186 1173 1335 1212 venire
1364 1173 1477 1213 hanc
1502 1175 1620 1221 volo,

165 1249 212 1288 Si
244 1247 400 1303 potest:
442 1248 469 1286 fi
502 1260 591 1287 non
625 1245 774 1301 potest,
806 1248 870 1286 ire
903 1248 1011 1288 hinc
1035 1249 1138 1288 volo
1169 1255 1380 1303 quantum
1417 1246 1566 1302 po'test.

167 1324 260 1365 Do.
293 1323 448 1364 ⁸Saluos
477 1323 549 1370 fis,
593 1321 853 1364 adolescens.
915 1324 1001 1364 SA.
1035 1321 1262 1377 Siquidem
1300 1323 1414 1364 hanc
1439 1323 1677 1367 vendidero
1726 1370 1729 1375 .

1048 1397 1187 1450 pretio
1214 1395 1305 1438 suo.
1624 1415 1677 1448 30

171 1476 241 1516 T0;
264 1475 397 1529 Atqui
425 1481 497 1514 aut
519 1473 605 1513 hoc
625 1481 819 1528 emptore
838 1470 1001 1512 vendes
1022 1473 1184 1526 pulcre,
1212 1482 1286 1512 aut
1308 1471 1394 1514 alio
1419 1485 1511 1514 non
1535 1483 1673 1530 potes.

114 1573 117 1584 s
145 1551 252 1604 [SA.
277 1550 394 1590 Esne
420 1559 468 1589 tu
505 1549 611 1588 huic
645 1547 843 1590 amicus?
907 1549 978 1588 To.
1007 1547 1251 1602 Tamquam
1271 1539 1274 1543 ’
1292 1547 1339 1586 di
1382 1561 1556 1595 omnes,
1598 1550 1676 1605 qui

1046 1621 1216 1662 coelum
1248 1622 1412 1662 colunt.

162 1700 255 1744 Do.
276 1700 395 1739 Tum
425 1708 473 1740 tu
502 1699 615 1739 mihi
643 1711 687 1739 es
716 1698 922 1739 inimicus
949 1705 1101 1737 certus.
1134 1710 1235 1738 nam
1263 1699 1410 1752 generi
1442 1698 1622 1739 lenonio

161 1777 415 1830 Numquam
441 1775 556 1814 vllus
577 1775 682 1815 deus
710 1783 798 1813 tam
820 1773 1038 1828 benignus
1064 1771 1163 1817 fuit,
1187 1773 1264 1826 qui
1282 1771 1414 1813 fuerit
1443 1775 1675 1827 propitius.

167 1853 249 1894 SA.
287 1852 385 1892 Hoc
416 1864 514 1906 age,
556 1863 664 1906 opus
694 1849 795 1890 ne'st
821 1850 902 1890 hac
929 1849 1011 1887 tibi
1040 1847 1216 1903 empta?
1274 1847 1366 1888 Do.
1406 1847 1454 1888 Si
1491 1850 1574 1902 tibi,
1601 1863 1674 1891 ve-

1046 1922 1198 1962 niss'e’st
1225 1935 1346 1977 opus,
1622 1913 1671 1977 3‘5

158 2001 278 2044 Mihi
325 2015 499 2057 quoque
540 2012 683 2057 empta
727 2000 805 2041 est:
860 1998 890 2039 fi
929 1999 1012 2039 tibi
1051 1996 1180 2038 subiti
1214 1994 1324 2037 nihil
1360 1996 1439 2045 est,
1485 2010 1673 2041 tantum.

1045 2071 1192 2114 dem’st
1218 2072 1343 2112 mihi.

167 2155 249 2194 SA.
277 2151 440 2199 Indica,
469 2150 537 2191 fac
557 2151 762 2206 pretium.
805 2151 896 2191 Do.
920 2149 1014 2189 Tua
1036 2162 1157 2188 merx
1179 2146 1248 2194 est,
1270 2138 1341 2187 tu'a
1365 2146 1573 2191 indicatio
1600 2140 1671 2191 est.

167 2232 237 2299 Te.
266 2230 462 2283 Aequom
494 2228 568 2267 hic
603 2235 709 2267 orat.
764 2227 844 2266 SA.
878 2225 972 2264 Vin'
1006 2224 1117 2263 bene
1153 2221 1327 2262 emere?
1374 2224 1465 2268 Do.
1499 2225 1593 2264 vin‘
1623 2234 1672 2266 tu

1041 2301 1190 2355 pulcre
1226 2296 1448 2338 vendere?

167 2382 237 2420 To.
279 2379 372 2435 Ego
422 2378 510 2421 scio
551 2377 698 2418 hercle
745 2383 978 2431 Vtrumque
1024 2375 1149 2415 velle.
1224 2374 1316 2414 Do
1357 2373 1468 2428 Age,
1523 2373 1672 2413 indica

1041 2449 1324 2503 prognariter.

164 2532 246 2572 SA.
277 2529 404 2569 Priue
440 2527 561 2569 dico:
595 2529 708 2568 hanc
736 2526 973 2581 mancupio
1010 2537 1138 2564 nemo
1168 2523 1252 2561 tibi
1278 2522 1410 2563 dabit
1442 2523 1531 2565 iam
1556 2521 1670 2563 scis?

1037 2599 1129 2640 Do.
1165 2599 1278 2638 Scio.
1611 2612 1667 2651 4ο

155 2680 327 2728 Indica,
354 2678 543 2720 minimo
574 2679 752 2720 daturus
783 2679 859 2734 qui
889 2677 962 2730 fis,
1002 2676 1077 2731 qui
1110 2673 1211 2715 duci
1243 2681 1387 2729 queat.
