1742 2892
203 111 263 157 16
746 120 1168 167 rnoozmvm„

199 237 426 292 Iliacam,
465 231 800 282 Gronoviana
832 233 1124 283 consentire
1165 234 1222 282 in
1260 234 1710 306 plerisque'repe-

196 304 347 351 ritur.
426 302 635 351 Aldina
664 299 824 348 editio
859 302 1087 350 Venetiis
1118 316 1259 359 1522.
1294 305 1554 370 promittit
1592 310 1711 371 qui&

198 369 320 419 dem
363 371 590 417 carmina
638 369 807 418 Plauti
847 386 1036 435 magna
1075 385 1138 418 ex
1179 381 1333 435 parte,
1365 373 1423 420 in
1462 365 1710 425 mensum>

197 454 356 488 suurn
390 439 650 495 restituta,
686 436 777 484 sed
807 453 913 484 non
947 438 1050 485 nisi
1084 439 1350 487 Iuntinam
1378 443 1591 505 repetit,
1621 444 1710 492 Al..>

195 505 478 569 dinamque
492 505 749 555 Robertus
764 503 1053 569 Stephanus
1064 506 1268 554 Parisiis
1287 525 1304 553 1
1315 521 1426 570 529.
1451 511 1705 573 sequitur,

196 572 376 622 sed‘in
410 574 568 621 altera
594 572 826 622 editione
853 587 979 629 1530
1010 574 1203 630 multa,
1235 576 1418 624 multis
1450 578 1708 643 exempla..

195 642 342 690 ribus
367 641 599 698 conlatis,
626 640 941 688 emendauit.
1011 642 1301 705 Sospitator
1322 643 1492 692 Plauti
1515 646 1710 695 merito

193 727 290 758 suo
314 720 530 758 vocatur
551 708 792 757 Ioaclzim.
825 710 1167 765 Camerarius,
1201 711 1293 775 qui
1328 723 1452 770 1545
1488 715 1708 763 Comoe-

160 791 163 795 ’
193 778 304 826 dias
349 779 614 842 quinque,
666 777 816 824 annis
854 786 1027 823 autem
1062 790 1185 832 1551
1213 789 1264 825 et
1294 793 1420 835 1558
1459 779 1707 831 Plautum

191 858 365 894 totum
394 845 617 895 Basileae
648 843 790 909 apud
829 847 900 891 10.
929 844 1252 908 Hervagiuni
1298 844 1490 906 edidit,
1535 865 1565 896 e
1601 865 1706 912 qua

194 915 427 963 editione
480 923 531 961 et
591 915 715 960 Iani
765 911 992 960 Douzae
1046 912 1468 976 castigationibus
1526 915 1707 980 plures

193 982 392 1031 fluxere
437 980 707 1029 editiones.
803 981 1018 1028 Nouam
1066 978 1305 1028 exhibuit
1347 983 1707 1033 recensionem

192 1053 487 1115 Dionysius
516 1047 824 1103 Lambinutn
856 1057 907 1094 et
938 1055 1055 1110 post
1084 1061 1207 1094 eum
1241 1049 1404 1097 Ianus
1424 1049 1705 1101 Gruterus.

189 1122 332 1170 Bene
379 1118 535 1165 etiam
585 1115 652 1163 de
694 1115 879 1163 Plauto
923 1114 1144 1162 meritus
1192 1126 1267 1164 est
1314 1118 1477 1165 Ianus
1509 1118 1707 1170 Douza

167 1186 331 1235 *filius
363 1190 608 1248 Antverp.
641 1197 784 1243 1539.
819 1192 870 1229 et
897 1181 1063 1247 Lugd.
1089 1185 1195 1230 Bat.
1223 1197 1362 1245 1595.
1409 1195 1565 1248 atque
1586 1191 1706 1235 Am

187 1265 373 1325 gustus
402 1250 695 1302 Buclmerus
737 1250 988 1298 Wittenb.
1031 1253 1172 1309 1640.
1240 1251 1497 1302 Friderici
1538 1253 1706 1303 Taub-

189 1326 364 1372 manni
387 1320 548 1368 editio
580 1315 813 1367 Francofi
843 1321 983 1372 1605.
1007 1328 1057 1365 et
1080 1322 1222 1366 1612.
1266 1319 1704 1383 praestantissima

188 1391 451 1456 reperitur
464 1387 529 1435 ad
542 1388 814 1435 Comicum
834 1385 1254 1450 intelligendum,
1271 1389 1451 1436 uecIo.
1464 1386 1702 1453 Philippi

186 1461 349 1508 Parez‘
363 1456 523 1505 editio
545 1452 778 1503 Francof.
805 1456 945 1499 1610.
960 1463 1011 1500 et
1029 1472 1046 1499 1
1059 1457 1168 1512 641.
1185 1464 1236 1501 et
1254 1454 1432 1518 Spirae
1451 1459 1595 1519 1619,
1611 1467 1703 1505 aut

185 1528 309 1577 Nic.
340 1527 547 1574 IIeinsii
575 1527 727 1579 1655,
781 1531 834 1569 et
870 1522 1026 1569 Zueri
1051 1520 1335 1582 Boxhornii
1373 1522 1539 1588 Lugd.
1575 1527 1700 1584 1645

188 1592 508 1660 spernendae
549 1600 686 1638 sunt.
761 1590 836 1637 Io.
870 1589 1013 1638 Frid.
1045 1588 1303 1639 Gronovii
1335 1588 1500 1639 editio
1542 1593 1701 1641 Amst.

193 1668 338 1723 1634,
368 1661 584 1726 repetita
603 1657 806 1721 Lipsiae
833 1661 976 1715 1760,
1006 1673 1116 1704 non
1144 1658 1324 1722 paucis
1348 1658 1474 1707 locis
1501 1669 1705 1708 textum

189 1731 334 1779 dedit
366 1723 757 1780 courectiorem,
792 1735 842 1772 et
874 1724 1041 1772 multa
1073 1725 1185 1772 loca
1217 1727 1423 1791 egregie
1451 1727 1703 1790 interpre-

186 1811 340 1846 tatur.
401 1794 775 1846 Recentissima
801 1792 962 1840 editio
987 1803 1062 1840 est
1085 1793 1363 1857 Bipontina
1387 1808 1527 1853 1779,
1546 1803 1598 1841 et
1619 1807 1716 1850 30.x

188 1868 289 1917 Cel.
329 1860 555 1932 Goclosr.
584 1863 915 1910 Hermannus
948 1861 1105 1908 vnius
1129 1860 1298 1908 adhuc
1330 1860 1579 1907 Trinumi
1606 1876 1704 1909 no·

185 1952 304 1991 vam
345 1932 703 1981 recensionem
741 1927 913 1986 dedit,
970 1945 998 1975 e
1037 1944 1138 1991 qua
1178 1943 1289 1976 non
1331 1942 1493 1990 pauca
1530 1927 1699 1989 hausi,

184 2008 392 2054 Praeter
416 1999 640 2048 editores
671 1996 877 2060 egregie
904 1994 968 2043 de
990 1995 1175 2044 Plauto
1200 1994 1374 2042 meriti
1394 2005 1517 2042 sunt
1536 1997 1701 2045 Ianus

100 2083 103 2086 ’
181 2071 455 2121 Mellerius
473 2065 763 2116 Palmerz'us
788 2065 842 2110 in
867 2063 1171 2127 Spicilegiis‚
1201 2063 1365 2129 Ianus
1391 2059 1701 2112 Gulielmius

182 2143 239 2188 in
282 2133 676 2202 quaestionibus
727 2131 981 2179 Plautinis
1033 2129 1239 2179 Parisiis
1281 2142 1424 2184 1533.
1491 2129 1700 2192 Caspas-

186 2210 457 2269 Scioppius
483 2203 540 2250 in
570 2210 925 2265 suspectarum
958 2199 1246 2246 lectionum
1281 2195 1429 2244 libris
1454 2197 1699 2259 quinque

179 2274 424 2326 Norimb.
463 2284 602 2331 1597.
669 2269 745 2315 Io.
791 2268 1057 2315 quurst'us
1116 2265 1172 2311 in
1227 2263 1382 2313 CuriS
1443 2262 1698 2312 Plautinis

180 2341 345 2407 Lugd.
367 2345 471 2389 Eat.
509 2350 648 2397 1598-
686 2345 737 2382 et
771 2335 1011 2381 omnium
1039 2331 1217 2380 forsan
1239 2331 1462 2378 maxime
1498 2330 1698 2380 Valens

180 2410 458 2461 Acidalius
497 2406 554 2452 in
594 2403 740 2450 libris
782 2402 972 2465 viginti
1016 2398 1408 2447 diuinationum
1441 2406 1494 2446 et
1534 2398 1698 2447 inter·
1732 2405 1742 2441 ἢ

178 2478 538 2545 pretationum
570 2470 931 2520 Plautinarum
965 2465 1202 2517 Francof.
1233 2469 1375 2524 1607.

245 2562 539 2617 Scribebam
564 2557 722 2607 Halae
742 2555 935 2604 salicae
960 2553 1061 2603 Cal.
1083 2555 1189 2602 Ian.
1214 2553 1270 2599 A.
1284 2552 1348 2599 R.
1363 2552 1408 2600 S.
1432 2565 1694 2634 Μικκκιιντ
