<?xml version="1.0" encoding="UTF-8"?>
<!DOCTYPE html PUBLIC "-//W3C//DTD XHTML 1.0 Transitional//EN"
    "http://www.w3.org/TR/xhtml1/DTD/xhtml1-transitional.dtd">
<html xmlns="http://www.w3.org/1999/xhtml" xml:lang="en" lang="en">
 <head>
  <title>
</title>
<meta http-equiv="Content-Type" content="text/html;charset=utf-8" />
  <meta name='ocr-system' content='tesseract 3.04.00' />
  <meta name='ocr-capabilities' content='ocr_page ocr_carea ocr_par ocr_line ocrx_word'/>
</head>
<body>
  <div class='ocr_page' id='page_1' title='image "./commentariusperp02plauuoft_0272.png"; bbox 0 0 1742 2924; ppageno 0'>
   <div class='ocr_carea' id='block_1_1' title="bbox 168 174 1163 226">
    <p class='ocr_par' dir='ltr' id='par_1_1' title="bbox 168 174 1163 226">
     <span class='ocr_line' id='line_1_1' title="bbox 168 174 1163 226; baseline 0.002 -5"><span class='ocrx_word' id='word_1_1' title='bbox 168 174 262 226; x_wconf 85' lang='lat'><strong>268</strong></span> <span class='ocrx_word' id='word_1_2' title='bbox 470 187 482 200; x_wconf 71' lang='lat'>²</span> <span class='ocrx_word' id='word_1_3' title='bbox 691 176 1163 223; x_wconf 70' lang='grc' dir='ltr'><strong>οιέτειιΑκῐΑε</strong></span> 
     </span>
    </p>
   </div>
   <div class='ocr_carea' id='block_1_2' title="bbox 113 278 1510 1107">
    <p class='ocr_par' dir='ltr' id='par_1_2' title="bbox 162 278 1333 351">
     <span class='ocr_line' id='line_1_2' title="bbox 162 278 1333 351; baseline -0.002 -13"><span class='ocrx_word' id='word_1_4' title='bbox 162 299 255 338; x_wconf 73' lang='grc' dir='ltr'><strong>ΡΗ.</strong></span> <span class='ocrx_word' id='word_1_5' title='bbox 287 294 372 350; x_wconf 83' lang='lat' dir='ltr'><strong>Age</strong></span> <span class='ocrx_word' id='word_1_6' title='bbox 404 307 534 349; x_wconf 82' lang='lat' dir='ltr'><strong>perge</strong></span> <span class='ocrx_word' id='word_1_7' title='bbox 568 291 748 348; x_wconf 80' lang='lat' dir='ltr'><strong>quaeso,</strong></span> <span class='ocrx_word' id='word_1_8' title='bbox 783 294 951 332; x_wconf 84' lang='lat' dir='ltr'><strong>animus</strong></span> <span class='ocrx_word' id='word_1_9' title='bbox 979 293 1128 334; x_wconf 79' lang='lat' dir='ltr'><strong>audire</strong></span> <span class='ocrx_word' id='word_1_10' title='bbox 1155 278 1333 351; x_wconf 77' lang='lat' dir='ltr'><strong>expetit,</strong></span> 
     </span>
    </p>

    <p class='ocr_par' dir='ltr' id='par_1_3' title="bbox 120 347 1456 501">
     <span class='ocr_line' id='line_1_3' title="bbox 120 347 1456 429; baseline 0.002 -21"><span class='ocrx_word' id='word_1_11' title='bbox 120 384 130 387; x_wconf 74' lang='grc'><em>“</em></span> <span class='ocrx_word' id='word_1_12' title='bbox 155 373 215 412; x_wconf 88' lang='lat' dir='ltr'><strong>Vt</strong></span> <span class='ocrx_word' id='word_1_13' title='bbox 248 386 314 411; x_wconf 85' lang='lat' dir='ltr'><strong>res</strong></span> <span class='ocrx_word' id='word_1_14' title='bbox 334 369 453 426; x_wconf 73' lang='lat' dir='ltr'><strong>,gesta</strong></span> <span class='ocrx_word' id='word_1_15' title='bbox 476 347 543 408; x_wconf 73' lang='grc' dir='ltr'><strong>1[ὶῐ.</strong></span> <span class='ocrx_word' id='word_1_16' title='bbox 606 370 702 408; x_wconf 69' lang='lat' dir='ltr'><strong>ME.</strong></span> <span class='ocrx_word' id='word_1_17' title='bbox 734 371 906 409; x_wconf 79' lang='lat' dir='ltr'><strong>Vtinam</strong></span> <span class='ocrx_word' id='word_1_18' title='bbox 934 370 1084 410; x_wconf 80' lang='lat' dir='ltr'><strong>andire</strong></span> <span class='ocrx_word' id='word_1_19' title='bbox 1112 387 1202 412; x_wconf 83' lang='lat' dir='ltr'><strong>non</strong></span> <span class='ocrx_word' id='word_1_20' title='bbox 1236 375 1414 429; x_wconf 57' lang='lat' dir='ltr'><strong>queash</strong></span> <span class='ocrx_word' id='word_1_21' title='bbox 1449 368 1456 376; x_wconf 74' lang='grc'><em>’</em></span> 
     </span>
     <span class='ocr_line' id='line_1_4' title="bbox 158 445 1144 501; baseline -0.002 -11"><span class='ocrx_word' id='word_1_22' title='bbox 158 450 253 491; x_wconf 75' lang='lat' dir='ltr'><strong>LA.</strong></span> <span class='ocrx_word' id='word_1_23' title='bbox 285 449 419 501; x_wconf 79' lang='lat' dir='ltr'><strong>Pergo</strong></span> <span class='ocrx_word' id='word_1_24' title='bbox 447 445 517 483; x_wconf 89' lang='lat' dir='ltr'>illa</span> <span class='ocrx_word' id='word_1_25' title='bbox 549 447 604 467; x_wconf 63' lang='grc' dir='ltr'>Η</span> <span class='ocrx_word' id='word_1_26' title='bbox 629 445 780 485; x_wconf 70' lang='lat' dir='ltr'><strong>dictis:</strong></span> <span class='ocrx_word' id='word_1_27' title='bbox 816 447 938 486; x_wconf 86' lang='lat' dir='ltr'><strong>illaec</strong></span> <span class='ocrx_word' id='word_1_28' title='bbox 966 455 1009 485; x_wconf 89' lang='lat' dir='ltr'><strong>te</strong></span> <span class='ocrx_word' id='word_1_29' title='bbox 1037 461 1144 488; x_wconf 87' lang='lat' dir='ltr'><strong>anus</strong></span> 
     </span>
    </p>

    <p class='ocr_par' dir='ltr' id='par_1_4' title="bbox 147 516 715 564">
     <span class='ocr_line' id='line_1_5' title="bbox 147 516 715 564; baseline -0.005 -1"><span class='ocrx_word' id='word_1_30' title='bbox 147 524 290 564; x_wconf 80' lang='lat' dir='ltr'>Fortu</span> <span class='ocrx_word' id='word_1_31' title='bbox 317 523 407 544; x_wconf 61' lang='lat'><strong>*³³⁸*</strong></span> <span class='ocrx_word' id='word_1_32' title='bbox 437 516 546 561; x_wconf 51' lang='lat' dir='ltr'><strong>serae</strong></span> <span class='ocrx_word' id='word_1_33' title='bbox 576 530 715 561; x_wconf 78' lang='lat' dir='ltr'><strong>vocat.</strong></span> 
     </span>
    </p>

    <p class='ocr_par' dir='ltr' id='par_1_5' title="bbox 153 596 1332 730">
     <span class='ocr_line' id='line_1_6' title="bbox 154 596 1332 643; baseline 0.001 -3"><span class='ocrx_word' id='word_1_34' title='bbox 154 600 269 640; x_wconf 86' lang='lat' dir='ltr'><strong>Nam</strong></span> <span class='ocrx_word' id='word_1_35' title='bbox 300 598 423 636; x_wconf 87' lang='lat' dir='ltr'><strong>illaec</strong></span> <span class='ocrx_word' id='word_1_36' title='bbox 452 597 532 637; x_wconf 85' lang='lat' dir='ltr'><strong>tibi</strong></span> <span class='ocrx_word' id='word_1_37' title='bbox 561 599 707 637; x_wconf 86' lang='lat' dir='ltr'><strong>nutrix</strong></span> <span class='ocrx_word' id='word_1_38' title='bbox 739 596 817 643; x_wconf 87' lang='lat' dir='ltr'><strong>est,</strong></span> <span class='ocrx_word' id='word_1_39' title='bbox 851 610 907 636; x_wconf 89' lang='lat' dir='ltr'><strong>ne</strong></span> <span class='ocrx_word' id='word_1_40' title='bbox 937 606 1116 637; x_wconf 84' lang='lat' dir='ltr'><strong>matrem</strong></span> <span class='ocrx_word' id='word_1_41' title='bbox 1148 597 1332 641; x_wconf 81' lang='lat' dir='ltr'><strong>censeas.</strong></span> 
     </span>
     <span class='ocr_line' id='line_1_7' title="bbox 153 672 1141 730; baseline -0.001 -16"><span class='ocrx_word' id='word_1_42' title='bbox 153 675 246 730; x_wconf 81' lang='lat' dir='ltr'><strong>Ego</strong></span> <span class='ocrx_word' id='word_1_43' title='bbox 278 672 319 714; x_wconf 76' lang='lat' dir='ltr'><strong>te</strong></span> <span class='ocrx_word' id='word_1_44' title='bbox 345 673 501 712; x_wconf 79' lang='lat' dir='ltr'>reduco</span> <span class='ocrx_word' id='word_1_45' title='bbox 535 681 578 712; x_wconf 88' lang='lat' dir='ltr'><strong>et</strong></span> <span class='ocrx_word' id='word_1_46' title='bbox 611 686 721 712; x_wconf 87' lang='lat' dir='ltr'>voco</span> <span class='ocrx_word' id='word_1_47' title='bbox 753 672 806 711; x_wconf 87' lang='lat' dir='ltr'><strong>ad</strong></span> <span class='ocrx_word' id='word_1_48' title='bbox 836 673 1035 719; x_wconf 77' lang='lat' dir='ltr'><strong>diuitias,</strong></span> <span class='ocrx_word' id='word_1_49' title='bbox 1067 675 1141 713; x_wconf 78' lang='lat' dir='ltr'><strong>vbi</strong></span> 
     </span>
    </p>

    <p class='ocr_par' dir='ltr' id='par_1_6' title="bbox 151 748 1044 791">
     <span class='ocr_line' id='line_1_8' title="bbox 151 748 1044 791; baseline -0.003 0"><span class='ocrx_word' id='word_1_50' title='bbox 151 752 222 791; x_wconf 84' lang='lat' dir='ltr'><strong>Tu</strong></span> <span class='ocrx_word' id='word_1_51' title='bbox 253 752 394 790; x_wconf 76' lang='lat' dir='ltr'><strong>locere</strong></span> <span class='ocrx_word' id='word_1_52' title='bbox 429 751 476 787; x_wconf 83' lang='lat' dir='ltr'><strong>in</strong></span> <span class='ocrx_word' id='word_1_53' title='bbox 510 749 774 788; x_wconf 65' lang='lat' dir='ltr'><strong>luculentam</strong></span> <span class='ocrx_word' id='word_1_54' title='bbox 811 748 1044 788; x_wconf 83' lang='lat' dir='ltr'>familiam:</span> 
     </span>
    </p>

    <p class='ocr_par' dir='ltr' id='par_1_7' title="bbox 151 825 1101 880">
     <span class='ocr_line' id='line_1_9' title="bbox 151 825 1101 880; baseline 0 -16"><span class='ocrx_word' id='word_1_55' title='bbox 151 826 275 866; x_wconf 86' lang='lat' dir='ltr'>Vnde</span> <span class='ocrx_word' id='word_1_56' title='bbox 313 826 391 864; x_wconf 85' lang='lat' dir='ltr'><strong>tibi</strong></span> <span class='ocrx_word' id='word_1_57' title='bbox 420 825 576 863; x_wconf 82' lang='lat' dir='ltr'><strong>talenta</strong></span> <span class='ocrx_word' id='word_1_58' title='bbox 603 839 759 878; x_wconf 75' lang='lat' dir='ltr'><strong>magna</strong></span> <span class='ocrx_word' id='word_1_59' title='bbox 789 826 949 880; x_wconf 72' lang='lat' dir='ltr'><strong>viginti</strong></span> <span class='ocrx_word' id='word_1_60' title='bbox 979 835 1101 879; x_wconf 86' lang='lat' dir='ltr'><strong>pater</strong></span> 
     </span>
    </p>

    <p class='ocr_par' dir='ltr' id='par_1_8' title="bbox 149 900 1326 945">
     <span class='ocr_line' id='line_1_10' title="bbox 149 900 1326 945; baseline 0.001 -4"><span class='ocrx_word' id='word_1_61' title='bbox 149 903 238 942; x_wconf 84' lang='lat' dir='ltr'><strong>Det</strong></span> <span class='ocrx_word' id='word_1_62' title='bbox 268 901 395 940; x_wconf 81' lang='lat' dir='ltr'><strong>dotis.</strong></span> <span class='ocrx_word' id='word_1_63' title='bbox 430 913 518 939; x_wconf 84' lang='lat' dir='ltr'><strong>non</strong></span> <span class='ocrx_word' id='word_1_64' title='bbox 555 901 672 940; x_wconf 82' lang='lat' dir='ltr'><strong>enim</strong></span> <span class='ocrx_word' id='word_1_65' title='bbox 705 901 802 945; x_wconf 86' lang='lat' dir='ltr'><strong>hic,</strong></span> <span class='ocrx_word' id='word_1_66' title='bbox 835 900 910 938; x_wconf 65' lang='lat' dir='ltr'><strong>xbi</strong></span> <span class='ocrx_word' id='word_1_67' title='bbox 941 914 990 939; x_wconf 85' lang='lat' dir='ltr'><strong>ex</strong></span> <span class='ocrx_word' id='word_1_68' title='bbox 1021 900 1163 942; x_wconf 76' lang='lat' dir='ltr'>Tusco</span> <span class='ocrx_word' id='word_1_69' title='bbox 1194 902 1326 943; x_wconf 87' lang='lat' dir='ltr'>modo</span> 
     </span>
    </p>

    <p class='ocr_par' dir='ltr' id='par_1_9' title="bbox 113 975 1206 1032">
     <span class='ocr_line' id='line_1_11' title="bbox 113 975 1206 1032; baseline -0.001 -15"><span class='ocrx_word' id='word_1_70' title='bbox 113 1001 117 1009; x_wconf 66' lang='grc' dir='ltr'><em>ι</em></span> <span class='ocrx_word' id='word_1_71' title='bbox 148 979 266 1017; x_wconf 80' lang='lat' dir='ltr'><strong>&#39;Tute</strong></span> <span class='ocrx_word' id='word_1_72' title='bbox 298 977 379 1016; x_wconf 89' lang='lat' dir='ltr'><strong>tibi</strong></span> <span class='ocrx_word' id='word_1_73' title='bbox 419 976 600 1030; x_wconf 82' lang='lat' dir='ltr'><strong>indigne</strong></span> <span class='ocrx_word' id='word_1_74' title='bbox 630 975 778 1015; x_wconf 83' lang='lat' dir='ltr'><strong>dotem</strong></span> <span class='ocrx_word' id='word_1_75' title='bbox 809 988 985 1030; x_wconf 78' lang='lat' dir='ltr'>quaeras</span> <span class='ocrx_word' id='word_1_76' title='bbox 1017 991 1206 1032; x_wconf 77' lang='lat' dir='ltr'><strong>corpore.</strong></span> 
     </span>
    </p>

    <p class='ocr_par' dir='ltr' id='par_1_10' title="bbox 149 1051 1510 1107">
     <span class='ocr_line' id='line_1_12' title="bbox 149 1051 1510 1107; baseline 0.001 -16"><span class='ocrx_word' id='word_1_77' title='bbox 149 1056 240 1094; x_wconf 80' lang='grc' dir='ltr'><strong>ΡΗ.</strong></span> <span class='ocrx_word' id='word_1_78' title='bbox 278 1053 343 1091; x_wconf 85' lang='lat' dir='ltr'><strong>An</strong></span> <span class='ocrx_word' id='word_1_79' title='bbox 374 1052 524 1091; x_wconf 86' lang='lat' dir='ltr'>amabo</span> <span class='ocrx_word' id='word_1_80' title='bbox 555 1053 760 1090; x_wconf 72' lang='lat' dir='ltr'><strong>merenix</strong></span> <span class='ocrx_word' id='word_1_81' title='bbox 793 1052 862 1091; x_wconf 80' lang='lat' dir='ltr'>illa</span> <span class='ocrx_word' id='word_1_82' title='bbox 896 1051 976 1097; x_wconf 79' lang='lat' dir='ltr'><strong>eft,</strong></span> <span class='ocrx_word' id='word_1_83' title='bbox 1014 1067 1124 1107; x_wconf 83' lang='lat' dir='ltr'><strong>quae</strong></span> <span class='ocrx_word' id='word_1_84' title='bbox 1159 1054 1272 1093; x_wconf 76' lang='lat' dir='ltr'>illam</span> <span class='ocrx_word' id='word_1_85' title='bbox 1305 1053 1510 1095; x_wconf 60' lang='lat' dir='ltr'><strong>sustulit?</strong></span> 
     </span>
    </p>
   </div>
   <div class='ocr_carea' id='block_1_3' title="bbox 146 1123 1514 1186">
    <p class='ocr_par' dir='ltr' id='par_1_11' title="bbox 146 1123 1514 1186">
     <span class='ocr_line' id='line_1_13' title="bbox 146 1123 1514 1186; baseline -0.001 -16"><span class='ocrx_word' id='word_1_86' title='bbox 146 1132 188 1173; x_wconf 93' lang='lat' dir='ltr'><em>L</em></span> <span class='ocrx_word' id='word_1_87' title='bbox 193 1144 240 1170; x_wconf 81' lang='grc'><strong>4.</strong></span> <span class='ocrx_word' id='word_1_88' title='bbox 271 1131 411 1168; x_wconf 86' lang='lat' dir='ltr'>Immo</span> <span class='ocrx_word' id='word_1_89' title='bbox 440 1128 643 1167; x_wconf 78' lang='lat' dir='ltr'><strong>merenix</strong></span> <span class='ocrx_word' id='word_1_90' title='bbox 674 1127 780 1174; x_wconf 86' lang='lat' dir='ltr'><strong>fuit;</strong></span> <span class='ocrx_word' id='word_1_91' title='bbox 816 1126 886 1167; x_wconf 83' lang='lat' dir='ltr'><strong>sed</strong></span> <span class='ocrx_word' id='word_1_92' title='bbox 916 1139 963 1168; x_wconf 84' lang='lat' dir='ltr'><strong>vt</strong></span> <span class='ocrx_word' id='word_1_93' title='bbox 997 1129 1057 1174; x_wconf 78' lang='lat' dir='ltr'><strong>fit,</strong></span> <span class='ocrx_word' id='word_1_94' title='bbox 1088 1130 1141 1169; x_wconf 88' lang='lat' dir='ltr'><strong>de</strong></span> <span class='ocrx_word' id='word_1_95' title='bbox 1173 1143 1220 1168; x_wconf 88' lang='lat' dir='ltr'><strong>ea</strong></span> <span class='ocrx_word' id='word_1_96' title='bbox 1248 1143 1295 1170; x_wconf 84' lang='lat' dir='ltr'><strong>re</strong></span> <span class='ocrx_word' id='word_1_97' title='bbox 1324 1123 1514 1186; x_wconf 82' lang='lat' dir='ltr'><strong>eloquar.&#39;</strong></span> 
     </span>
    </p>
   </div>
   <div class='ocr_carea' id='block_1_4' title="bbox 100 1191 1471 2162">
    <p class='ocr_par' dir='ltr' id='par_1_12' title="bbox 143 1191 1232 1258">
     <span class='ocr_line' id='line_1_14' title="bbox 143 1191 1232 1258; baseline 0.001 -14"><span class='ocrx_word' id='word_1_98' title='bbox 143 1206 233 1246; x_wconf 87' lang='lat' dir='ltr'><strong>Iam</strong></span> <span class='ocrx_word' id='word_1_99' title='bbox 262 1191 550 1258; x_wconf 81' lang='lat' dir='ltr'>perducebam</span> <span class='ocrx_word' id='word_1_100' title='bbox 581 1204 700 1242; x_wconf 88' lang='lat' dir='ltr'>illam</span> <span class='ocrx_word' id='word_1_101' title='bbox 734 1202 786 1241; x_wconf 85' lang='lat' dir='ltr'><strong>ad</strong></span> <span class='ocrx_word' id='word_1_102' title='bbox 817 1216 887 1242; x_wconf 87' lang='lat' dir='ltr'><strong>me</strong></span> <span class='ocrx_word' id='word_1_103' title='bbox 917 1203 1084 1243; x_wconf 85' lang='lat' dir='ltr'><strong>suadela</strong></span> <span class='ocrx_word' id='word_1_104' title='bbox 1115 1219 1232 1246; x_wconf 88' lang='lat' dir='ltr'><strong>mea.</strong></span> 
     </span>
    </p>

    <p class='ocr_par' dir='ltr' id='par_1_13' title="bbox 142 1277 1319 1333">
     <span class='ocr_line' id='line_1_15' title="bbox 142 1277 1319 1333; baseline -0.001 -12"><span class='ocrx_word' id='word_1_105' title='bbox 142 1283 261 1322; x_wconf 87' lang='lat' dir='ltr'><strong>Anus</strong></span> <span class='ocrx_word' id='word_1_106' title='bbox 293 1281 334 1317; x_wconf 87' lang='lat' dir='ltr'><strong>ei</strong></span> <span class='ocrx_word' id='word_1_107' title='bbox 363 1281 556 1333; x_wconf 83' lang='lat' dir='ltr'><strong>amplexa</strong></span> <span class='ocrx_word' id='word_1_108' title='bbox 591 1277 647 1317; x_wconf 86' lang='lat' dir='ltr'><strong>est</strong></span> <span class='ocrx_word' id='word_1_109' title='bbox 674 1291 828 1333; x_wconf 82' lang='lat' dir='ltr'><strong>genua,</strong></span> <span class='ocrx_word' id='word_1_110' title='bbox 860 1279 1046 1332; x_wconf 79' lang='lat' dir='ltr'><strong>plorans,</strong></span> <span class='ocrx_word' id='word_1_111' title='bbox 1079 1279 1319 1327; x_wconf 81' lang='lat' dir='ltr'>obsecrans,</span> 
     </span>
    </p>

    <p class='ocr_par' dir='ltr' id='par_1_14' title="bbox 141 1352 1054 1400">
     <span class='ocr_line' id='line_1_16' title="bbox 141 1352 1054 1400; baseline -0.003 -5"><span class='ocrx_word' id='word_1_112' title='bbox 141 1356 210 1396; x_wconf 91' lang='lat' dir='ltr'><strong>Ne</strong></span> <span class='ocrx_word' id='word_1_113' title='bbox 241 1354 401 1394; x_wconf 76' lang='lat' dir='ltr'><strong>deserat</strong></span> <span class='ocrx_word' id='word_1_114' title='bbox 428 1352 491 1393; x_wconf 88' lang='lat' dir='ltr'><strong>se:</strong></span> <span class='ocrx_word' id='word_1_115' title='bbox 523 1366 618 1393; x_wconf 83' lang='lat' dir='ltr'><strong>eam</strong></span> <span class='ocrx_word' id='word_1_116' title='bbox 646 1353 765 1392; x_wconf 83' lang='lat' dir='ltr'>suam</span> <span class='ocrx_word' id='word_1_117' title='bbox 795 1353 874 1392; x_wconf 83' lang='lat' dir='ltr'><strong>effe</strong></span> <span class='ocrx_word' id='word_1_118' title='bbox 906 1353 1054 1400; x_wconf 78' lang='lat' dir='ltr'>filiam,</span> 
     </span>
    </p>

    <p class='ocr_par' dir='ltr' id='par_1_15' title="bbox 142 1427 1243 1485">
     <span class='ocr_line' id='line_1_17' title="bbox 142 1427 1243 1485; baseline -0.002 -14"><span class='ocrx_word' id='word_1_119' title='bbox 142 1432 284 1485; x_wconf 88' lang='lat' dir='ltr'>Seque</span> <span class='ocrx_word' id='word_1_120' title='bbox 314 1443 406 1468; x_wconf 85' lang='lat' dir='ltr'><strong>eam</strong></span> <span class='ocrx_word' id='word_1_121' title='bbox 437 1428 665 1484; x_wconf 82' lang='lat' dir='ltr'><strong>peperiffe‚</strong></span> <span class='ocrx_word' id='word_1_122' title='bbox 697 1427 839 1469; x_wconf 85' lang='lat' dir='ltr'><strong>sancte</strong></span> <span class='ocrx_word' id='word_1_123' title='bbox 870 1428 1093 1469; x_wconf 76' lang='lat' dir='ltr'><strong>adiurabat</strong></span> <span class='ocrx_word' id='word_1_124' title='bbox 1118 1431 1243 1470; x_wconf 83' lang='lat' dir='ltr'>mihi.</span> 
     </span>
    </p>

    <p class='ocr_par' dir='ltr' id='par_1_16' title="bbox 136 1506 1338 1634">
     <span class='ocr_line' id='line_1_18' title="bbox 138 1506 1338 1561; baseline -0.002 -14"><span class='ocrx_word' id='word_1_125' title='bbox 138 1506 296 1552; x_wconf 76' lang='lat' dir='ltr'><strong>manc,</strong></span> <span class='ocrx_word' id='word_1_126' title='bbox 329 1518 459 1559; x_wconf 89' lang='lat' dir='ltr'>quam</span> <span class='ocrx_word' id='word_1_127' title='bbox 492 1506 684 1560; x_wconf 85' lang='lat' dir='ltr'><strong>quaeris,</strong></span> <span class='ocrx_word' id='word_1_128' title='bbox 717 1506 884 1560; x_wconf 84' lang='lat' dir='ltr'><strong>inquit,</strong></span> <span class='ocrx_word' id='word_1_129' title='bbox 916 1519 994 1560; x_wconf 84' lang='lat' dir='ltr'><strong>ego</strong></span> <span class='ocrx_word' id='word_1_130' title='bbox 1013 1506 1187 1561; x_wconf 44' lang='lat' dir='ltr'><strong>&#39;amilcae</strong></span> <span class='ocrx_word' id='word_1_131' title='bbox 1215 1517 1338 1545; x_wconf 87' lang='lat' dir='ltr'><strong>meae</strong></span> 
     </span>
     <span class='ocr_line' id='line_1_19' title="bbox 136 1579 1163 1634; baseline -0.002 -11"><span class='ocrx_word' id='word_1_132' title='bbox 136 1582 276 1629; x_wconf 87' lang='lat' dir='ltr'><strong>Dedi,</strong></span> <span class='ocrx_word' id='word_1_133' title='bbox 313 1593 421 1634; x_wconf 87' lang='lat' dir='ltr'><strong>quae</strong></span> <span class='ocrx_word' id='word_1_134' title='bbox 454 1579 655 1619; x_wconf 80' lang='lat' dir='ltr'><strong>educaret</strong></span> <span class='ocrx_word' id='word_1_135' title='bbox 685 1593 779 1618; x_wconf 85' lang='lat' dir='ltr'><strong>eam</strong></span> <span class='ocrx_word' id='word_1_136' title='bbox 809 1594 888 1633; x_wconf 85' lang='lat' dir='ltr'><strong>pro</strong></span> <span class='ocrx_word' id='word_1_137' title='bbox 917 1580 1046 1620; x_wconf 83' lang='lat' dir='ltr'>filiola</span> <span class='ocrx_word' id='word_1_138' title='bbox 1077 1579 1163 1621; x_wconf 83' lang='lat' dir='ltr'>sua.</span> 
     </span>
    </p>

    <p class='ocr_par' dir='ltr' id='par_1_17' title="bbox 134 1639 1439 1863">
     <span class='ocr_line' id='line_1_20' title="bbox 136 1639 1367 1710; baseline -0.002 -12"><span class='ocrx_word' id='word_1_139' title='bbox 136 1658 193 1698; x_wconf 85' lang='lat' dir='ltr'><strong>Et</strong></span> <span class='ocrx_word' id='word_1_140' title='bbox 227 1657 364 1697; x_wconf 86' lang='lat' dir='ltr'><strong>viuit.</strong></span> <span class='ocrx_word' id='word_1_141' title='bbox 396 1657 554 1710; x_wconf 87' lang='lat' dir='ltr'><strong>inquit.</strong></span> <span class='ocrx_word' id='word_1_142' title='bbox 583 1656 659 1695; x_wconf 73' lang='lat' dir='ltr'><strong>vbi</strong></span> <span class='ocrx_word' id='word_1_143' title='bbox 689 1669 736 1694; x_wconf 88' lang='lat' dir='ltr'><strong>ea</strong></span> <span class='ocrx_word' id='word_1_144' title='bbox 762 1655 848 1695; x_wconf 77' lang='lat' dir='ltr'><strong>est?</strong></span> <span class='ocrx_word' id='word_1_145' title='bbox 895 1658 1073 1710; x_wconf 83' lang='lat' dir='ltr'><strong>inquam</strong></span> <span class='ocrx_word' id='word_1_146' title='bbox 1102 1639 1367 1710; x_wconf 74' lang='lat' dir='ltr'><strong>extempulo.</strong></span> 
     </span>
     <span class='ocr_line' id='line_1_21' title="bbox 136 1731 1439 1786; baseline -0.003 -12"><span class='ocrx_word' id='word_1_147' title='bbox 136 1736 228 1774; x_wconf 66' lang='lat' dir='ltr'><strong>PH.</strong></span> <span class='ocrx_word' id='word_1_148' title='bbox 262 1732 436 1771; x_wconf 83' lang='lat' dir='ltr'><strong>Seruate</strong></span> <span class='ocrx_word' id='word_1_149' title='bbox 463 1744 533 1770; x_wconf 85' lang='lat' dir='ltr'><strong>me</strong></span> <span class='ocrx_word' id='word_1_150' title='bbox 559 1733 664 1777; x_wconf 89' lang='lat' dir='ltr'><strong>Dei,</strong></span> <span class='ocrx_word' id='word_1_151' title='bbox 697 1732 885 1772; x_wconf 82' lang='lat' dir='ltr'><strong>obsecro.</strong></span> <span class='ocrx_word' id='word_1_152' title='bbox 942 1733 1040 1772; x_wconf 66' lang='lat' dir='ltr'><strong>ME.</strong></span> <span class='ocrx_word' id='word_1_153' title='bbox 1070 1732 1123 1771; x_wconf 89' lang='lat' dir='ltr'><strong>At</strong></span> <span class='ocrx_word' id='word_1_154' title='bbox 1145 1745 1216 1771; x_wconf 89' lang='lat' dir='ltr'><strong>me</strong></span> <span class='ocrx_word' id='word_1_155' title='bbox 1244 1731 1439 1786; x_wconf 75' lang='lat' dir='ltr'><strong>perditis.</strong></span> 
     </span>
     <span class='ocr_line' id='line_1_22' title="bbox 134 1807 1227 1863; baseline -0.002 -14"><span class='ocrx_word' id='word_1_156' title='bbox 134 1811 226 1849; x_wconf 70' lang='lat' dir='ltr'><strong>PH.</strong></span> <span class='ocrx_word' id='word_1_157' title='bbox 262 1808 379 1861; x_wconf 82' lang='lat' dir='ltr'><strong>Quoi</strong></span> <span class='ocrx_word' id='word_1_158' title='bbox 411 1807 529 1845; x_wconf 85' lang='lat' dir='ltr'>illam</span> <span class='ocrx_word' id='word_1_159' title='bbox 566 1807 743 1847; x_wconf 85' lang='lat' dir='ltr'><strong>dediffet</strong></span> <span class='ocrx_word' id='word_1_160' title='bbox 771 1808 986 1862; x_wconf 77' lang='lat' dir='ltr'><strong>exquifiss&#39;e</strong></span> <span class='ocrx_word' id='word_1_161' title='bbox 1017 1808 1227 1863; x_wconf 82' lang='lat' dir='ltr'><strong>oportuit.</strong></span> 
     </span>
    </p>

    <p class='ocr_par' dir='ltr' id='par_1_18' title="bbox 132 1882 1262 1936">
     <span class='ocr_line' id='line_1_23' title="bbox 132 1882 1262 1936; baseline -0.002 -12"><span class='ocrx_word' id='word_1_162' title='bbox 132 1887 246 1927; x_wconf 56' lang='lat' dir='ltr'><strong>LA?</strong></span> <span class='ocrx_word' id='word_1_163' title='bbox 266 1884 492 1936; x_wconf 82' lang='lat' dir='ltr'><strong>Qnaefiui:</strong></span> <span class='ocrx_word' id='word_1_164' title='bbox 524 1893 567 1922; x_wconf 82' lang='lat' dir='ltr'><strong>et</strong></span> <span class='ocrx_word' id='word_1_165' title='bbox 598 1883 733 1927; x_wconf 86' lang='lat' dir='ltr'><strong>dixit,</strong></span> <span class='ocrx_word' id='word_1_166' title='bbox 762 1884 981 1922; x_wconf 81' lang='lat' dir='ltr'><strong>meretrici</strong></span> <span class='ocrx_word' id='word_1_167' title='bbox 1013 1882 1262 1922; x_wconf 85' lang='lat' dir='ltr'><strong>Melaenidi.</strong></span> 
     </span>
    </p>

    <p class='ocr_par' dir='ltr' id='par_1_19' title="bbox 132 1958 1166 2013">
     <span class='ocr_line' id='line_1_24' title="bbox 132 1958 1166 2013; baseline -0.004 -12"><span class='ocrx_word' id='word_1_168' title='bbox 132 1962 231 2001; x_wconf 67' lang='lat' dir='ltr'><strong>ME.</strong></span> <span class='ocrx_word' id='word_1_169' title='bbox 266 1960 415 1998; x_wconf 88' lang='lat' dir='ltr'><strong>Meum</strong></span> <span class='ocrx_word' id='word_1_170' title='bbox 450 1959 682 2013; x_wconf 84' lang='lat' dir='ltr'><strong>eloquutus</strong></span> <span class='ocrx_word' id='word_1_171' title='bbox 714 1958 769 1998; x_wconf 84' lang='lat' dir='ltr'><strong>est</strong></span> <span class='ocrx_word' id='word_1_172' title='bbox 798 1972 974 1999; x_wconf 88' lang='lat' dir='ltr'><strong>nomen.</strong></span> <span class='ocrx_word' id='word_1_173' title='bbox 1005 1958 1166 1998; x_wconf 81' lang='lat' dir='ltr'><strong>interii.</strong></span> 
     </span>
    </p>

    <p class='ocr_par' dir='ltr' id='par_1_20' title="bbox 100 2032 1471 2162">
     <span class='ocr_line' id='line_1_25' title="bbox 100 2032 1471 2088; baseline 0.003 -18"><span class='ocrx_word' id='word_1_174' title='bbox 100 2067 103 2070; x_wconf 94' lang='grc'><em>,</em></span> <span class='ocrx_word' id='word_1_175' title='bbox 130 2037 225 2077; x_wconf 81' lang='lat' dir='ltr'><strong>LA·</strong></span> <span class='ocrx_word' id='word_1_176' title='bbox 255 2034 337 2073; x_wconf 86' lang='lat' dir='ltr'><strong>Vbi</strong></span> <span class='ocrx_word' id='word_1_177' title='bbox 367 2035 570 2088; x_wconf 85' lang='lat' dir='ltr'><strong>eloquuta</strong></span> <span class='ocrx_word' id='word_1_178' title='bbox 605 2033 673 2080; x_wconf 77' lang='lat' dir='ltr'><strong>est,</strong></span> <span class='ocrx_word' id='word_1_179' title='bbox 706 2047 786 2088; x_wconf 85' lang='lat' dir='ltr'><strong>ego</strong></span> <span class='ocrx_word' id='word_1_180' title='bbox 818 2035 1029 2074; x_wconf 85' lang='lat' dir='ltr'><strong>continuo</strong></span> <span class='ocrx_word' id='word_1_181' title='bbox 1062 2046 1194 2072; x_wconf 87' lang='lat' dir='ltr'><strong>anum</strong></span> <span class='ocrx_word' id='word_1_182' title='bbox 1227 2032 1471 2087; x_wconf 81' lang='lat' dir='ltr'><strong>interrogo:</strong></span> 
     </span>
     <span class='ocr_line' id='line_1_26' title="bbox 127 2107 1295 2162; baseline -0.001 -13"><span class='ocrx_word' id='word_1_183' title='bbox 127 2110 211 2149; x_wconf 85' lang='lat' dir='ltr'><strong>Vbi</strong></span> <span class='ocrx_word' id='word_1_184' title='bbox 240 2110 428 2154; x_wconf 80' lang='lat' dir='ltr'><strong>habitat,</strong></span> <span class='ocrx_word' id='word_1_185' title='bbox 467 2109 671 2162; x_wconf 85' lang='lat' dir='ltr'><strong>inquam,</strong></span> <span class='ocrx_word' id='word_1_186' title='bbox 707 2108 793 2149; x_wconf 87' lang='lat' dir='ltr'><strong>duc</strong></span> <span class='ocrx_word' id='word_1_187' title='bbox 825 2122 874 2149; x_wconf 86' lang='lat' dir='ltr'><strong>ac</strong></span> <span class='ocrx_word' id='word_1_188' title='bbox 903 2107 1141 2150; x_wconf 81' lang='lat' dir='ltr'><strong>demonstra</strong></span> <span class='ocrx_word' id='word_1_189' title='bbox 1169 2108 1295 2148; x_wconf 83' lang='lat' dir='ltr'><strong>mihi.</strong></span> 
     </span>
    </p>
   </div>
   <div class='ocr_carea' id='block_1_5' title="bbox 1616 541 1667 578">
    <p class='ocr_par' dir='ltr' id='par_1_21' title="bbox 1616 541 1667 578">
     <span class='ocr_line' id='line_1_27' title="bbox 1616 541 1667 578; baseline 0 0"><span class='ocrx_word' id='word_1_190' title='bbox 1616 541 1667 578; x_wconf 80' lang='lat'><strong>15</strong></span> 
     </span>
    </p>
   </div>
   <div class='ocr_carea' id='block_1_6' title="bbox 1608 922 1662 949">
    <p class='ocr_par' dir='ltr' id='par_1_22' title="bbox 1608 922 1662 949">
     <span class='ocr_line' id='line_1_28' title="bbox 1608 922 1662 949; baseline 0 0"><span class='ocrx_word' id='word_1_191' title='bbox 1608 922 1662 949; x_wconf 85' lang='lat'><strong>20</strong></span> 
     </span>
    </p>
   </div>
   <div class='ocr_carea' id='block_1_7' title="bbox 1601 1294 1651 1331">
    <p class='ocr_par' dir='ltr' id='par_1_23' title="bbox 1601 1294 1651 1331">
     <span class='ocr_line' id='line_1_29' title="bbox 1601 1294 1651 1331; baseline 0 0"><span class='ocrx_word' id='word_1_192' title='bbox 1601 1294 1651 1331; x_wconf 81' lang='lat'><strong>25</strong></span> 
     </span>
    </p>
   </div>
   <div class='ocr_carea' id='block_1_8' title="bbox 1590 1665 1648 1706">
    <p class='ocr_par' dir='ltr' id='par_1_24' title="bbox 1590 1665 1648 1706">
     <span class='ocr_line' id='line_1_30' title="bbox 1590 1665 1648 1706; baseline 0 -38"><span class='ocrx_word' id='word_1_193' title='bbox 1590 1665 1648 1706; x_wconf 59' lang='lat'><strong>3·</strong></span> 
     </span>
    </p>
   </div>
   <div class='ocr_carea' id='block_1_9' title="bbox 1586 2029 1638 2087">
    <p class='ocr_par' dir='ltr' id='par_1_25' title="bbox 1586 2029 1638 2087">
     <span class='ocr_line' id='line_1_31' title="bbox 1586 2029 1638 2087; baseline 0.019 -1"><span class='ocrx_word' id='word_1_194' title='bbox 1586 2029 1638 2087; x_wconf 73' lang='lat'><strong>3&#39;5</strong></span> 
     </span>
    </p>
   </div>
   <div class='ocr_carea' id='block_1_10' title="bbox 125 2183 1584 2239">
    <p class='ocr_par' dir='ltr' id='par_1_26' title="bbox 125 2183 1584 2239">
     <span class='ocr_line' id='line_1_32' title="bbox 125 2183 1584 2239; baseline -0.001 -14"><span class='ocrx_word' id='word_1_195' title='bbox 125 2186 289 2226; x_wconf 74' lang='lat' dir='ltr'><strong>Auecta</strong></span> <span class='ocrx_word' id='word_1_196' title='bbox 317 2183 387 2230; x_wconf 85' lang='lat' dir='ltr'><strong>est,</strong></span> <span class='ocrx_word' id='word_1_197' title='bbox 419 2184 577 2238; x_wconf 86' lang='lat' dir='ltr'><strong>inquit,</strong></span> <span class='ocrx_word' id='word_1_198' title='bbox 614 2198 790 2239; x_wconf 80' lang='lat' dir='ltr'><strong>peregre</strong></span> <span class='ocrx_word' id='word_1_199' title='bbox 825 2185 931 2225; x_wconf 83' lang='lat' dir='ltr'><strong>hinc</strong></span> <span class='ocrx_word' id='word_1_200' title='bbox 965 2184 1221 2224; x_wconf 77' lang='lat' dir='ltr'><strong>habitatum.</strong></span> <span class='ocrx_word' id='word_1_201' title='bbox 1280 2183 1584 2239; x_wconf 45' lang='lat' dir='ltr'><strong>Msssobfipat</strong></span> 
     </span>
    </p>
   </div>
   <div class='ocr_carea' id='block_1_11' title="bbox 90 2257 1487 2538">
    <p class='ocr_par' dir='ltr' id='par_1_27' title="bbox 123 2257 1487 2391">
     <span class='ocr_line' id='line_1_33' title="bbox 124 2257 1487 2315; baseline -0.003 -13"><span class='ocrx_word' id='word_1_202' title='bbox 124 2261 355 2315; x_wconf 83' lang='lat' dir='ltr'><strong>Aquulam.</strong></span> <span class='ocrx_word' id='word_1_203' title='bbox 417 2261 509 2300; x_wconf 75' lang='lat' dir='ltr'><strong>LA.</strong></span> <span class='ocrx_word' id='word_1_204' title='bbox 544 2259 644 2312; x_wconf 80' lang='lat' dir='ltr'><strong>Quo</strong></span> <span class='ocrx_word' id='word_1_205' title='bbox 678 2270 826 2300; x_wconf 84' lang='lat' dir='ltr'><strong>auecta</strong></span> <span class='ocrx_word' id='word_1_206' title='bbox 859 2259 938 2304; x_wconf 89' lang='lat' dir='ltr'><strong>est,</strong></span> <span class='ocrx_word' id='word_1_207' title='bbox 977 2271 1027 2308; x_wconf 85' lang='lat' dir='ltr'><strong>eo</strong></span> <span class='ocrx_word' id='word_1_208' title='bbox 1061 2257 1303 2313; x_wconf 81' lang='lat' dir='ltr'><strong>sequemur.</strong></span> <span class='ocrx_word' id='word_1_209' title='bbox 1333 2259 1487 2299; x_wconf 75' lang='lat' dir='ltr'><strong>siccine</strong></span> 
     </span>
     <span class='ocr_line' id='line_1_34' title="bbox 123 2331 1389 2391; baseline -0.002 -15"><span class='ocrx_word' id='word_1_210' title='bbox 123 2338 225 2390; x_wconf 83' lang='lat' dir='ltr'>Agis</span> <span class='ocrx_word' id='word_1_211' title='bbox 258 2335 426 2391; x_wconf 75' lang='lat' dir='ltr'><strong>nugas?</strong></span> <span class='ocrx_word' id='word_1_212' title='bbox 458 2334 639 2390; x_wconf 83' lang='lat' dir='ltr'><strong>periisti!</strong></span> <span class='ocrx_word' id='word_1_213' title='bbox 699 2335 764 2374; x_wconf 87' lang='lat' dir='ltr'><strong>Ne</strong></span> <span class='ocrx_word' id='word_1_214' title='bbox 798 2335 951 2374; x_wconf 70' lang='lat' dir='ltr'><strong>hercle</strong></span> <span class='ocrx_word' id='word_1_215' title='bbox 970 2334 1055 2374; x_wconf 89' lang='lat' dir='ltr'><strong>hoc</strong></span> <span class='ocrx_word' id='word_1_216' title='bbox 1085 2333 1213 2386; x_wconf 85' lang='lat' dir='ltr'><strong>longe</strong></span> <span class='ocrx_word' id='word_1_217' title='bbox 1249 2331 1389 2373; x_wconf 85' lang='lat' dir='ltr'><strong>destiti</strong></span> 
     </span>
    </p>

    <p class='ocr_par' dir='ltr' id='par_1_28' title="bbox 90 2409 1179 2466">
     <span class='ocr_line' id='line_1_35' title="bbox 90 2409 1179 2466; baseline -0.004 -15"><span class='ocrx_word' id='word_1_218' title='bbox 90 2427 92 2431; x_wconf 66' lang='grc'>’</span> <span class='ocrx_word' id='word_1_219' title='bbox 120 2410 277 2451; x_wconf 82' lang='lat' dir='ltr'><strong>Instare</strong></span> <span class='ocrx_word' id='word_1_220' title='bbox 308 2423 445 2466; x_wconf 88' lang='lat' dir='ltr'><strong>vsque</strong></span> <span class='ocrx_word' id='word_1_221' title='bbox 475 2409 603 2466; x_wconf 54' lang='lat' dir='ltr'><strong>adeo,</strong></span> <span class='ocrx_word' id='word_1_222' title='bbox 636 2409 775 2451; x_wconf 86' lang='lat' dir='ltr'><strong>donec</strong></span> <span class='ocrx_word' id='word_1_223' title='bbox 807 2409 849 2449; x_wconf 84' lang='lat' dir='ltr'><strong>se</strong></span> <span class='ocrx_word' id='word_1_224' title='bbox 878 2410 1046 2449; x_wconf 84' lang='lat' dir='ltr'><strong>adiurat</strong></span> <span class='ocrx_word' id='word_1_225' title='bbox 1073 2421 1179 2447; x_wconf 81' lang='lat' dir='ltr'><strong>anus</strong></span> 
     </span>
    </p>

    <p class='ocr_par' dir='ltr' id='par_1_29' title="bbox 122 2482 1412 2538">
     <span class='ocr_line' id='line_1_36' title="bbox 122 2482 1412 2538; baseline -0.003 -11"><span class='ocrx_word' id='word_1_226' title='bbox 122 2486 214 2527; x_wconf 86' lang='lat' dir='ltr'><strong>lam</strong></span> <span class='ocrx_word' id='word_1_227' title='bbox 244 2487 357 2525; x_wconf 84' lang='lat' dir='ltr'>mihi</span> <span class='ocrx_word' id='word_1_228' title='bbox 384 2484 629 2526; x_wconf 82' lang='lat' dir='ltr'><strong>monstrare.</strong></span> <span class='ocrx_word' id='word_1_229' title='bbox 642 2536 652 2538; x_wconf 22' lang='grc' dir='ltr'><strong>ἡ</strong></span> <span class='ocrx_word' id='word_1_230' title='bbox 689 2487 779 2525; x_wconf 69' lang='lat' dir='ltr'><strong>PH.</strong></span> <span class='ocrx_word' id='word_1_231' title='bbox 811 2486 864 2524; x_wconf 88' lang='lat' dir='ltr'><strong>At</strong></span> <span class='ocrx_word' id='word_1_232' title='bbox 891 2497 981 2524; x_wconf 86' lang='lat' dir='ltr'><strong>uon</strong></span> <span class='ocrx_word' id='word_1_233' title='bbox 1009 2482 1174 2521; x_wconf 84' lang='lat' dir='ltr'>miffarn</span> <span class='ocrx_word' id='word_1_234' title='bbox 1204 2483 1412 2537; x_wconf 82' lang='lat' dir='ltr'><strong>oportuit.</strong></span> 
     </span>
    </p>
   </div>
   <div class='ocr_carea' id='block_1_12' title="bbox 123 2557 1480 2618">
    <p class='ocr_par' dir='ltr' id='par_1_30' title="bbox 123 2557 1480 2618">
     <span class='ocr_line' id='line_1_37' title="bbox 123 2557 1480 2618; baseline -0.005 -14"><span class='ocrx_word' id='word_1_235' title='bbox 123 2564 218 2604; x_wconf 65' lang='lat' dir='ltr'><strong>LA.</strong></span> <span class='ocrx_word' id='word_1_236' title='bbox 252 2561 481 2602; x_wconf 84' lang='lat' dir='ltr'><strong>Seruatur:</strong></span> <span class='ocrx_word' id='word_1_237' title='bbox 523 2559 595 2600; x_wconf 78' lang='lat' dir='ltr'><strong>[ed</strong></span> <span class='ocrx_word' id='word_1_238' title='bbox 623 2560 694 2598; x_wconf 78' lang='lat' dir='ltr'>illa</span> <span class='ocrx_word' id='word_1_239' title='bbox 722 2558 814 2600; x_wconf 83' lang='lat' dir='ltr'><strong>ecse</strong></span> <span class='ocrx_word' id='word_1_240' title='bbox 839 2558 1070 2618; x_wconf 81' lang='lat' dir='ltr'><strong>quamdarn</strong></span> <span class='ocrx_word' id='word_1_241' title='bbox 1091 2557 1232 2596; x_wconf 83' lang='lat' dir='ltr'><strong>aiebat</strong></span> <span class='ocrx_word' id='word_1_242' title='bbox 1255 2558 1480 2598; x_wconf 83' lang='lat' dir='ltr'><strong>mulierem</strong></span> 
     </span>
    </p>
   </div>
   <div class='ocr_carea' id='block_1_13' title="bbox 122 2633 1209 2767">
    <p class='ocr_par' dir='ltr' id='par_1_31' title="bbox 122 2633 1209 2767">
     <span class='ocr_line' id='line_1_38' title="bbox 122 2633 1209 2686; baseline -0.004 -10"><span class='ocrx_word' id='word_1_243' title='bbox 122 2638 255 2677; x_wconf 85' lang='lat' dir='ltr'><strong>Suam</strong></span> <span class='ocrx_word' id='word_1_244' title='bbox 284 2638 621 2676; x_wconf 79' lang='lat' dir='ltr'><strong>beneuolentem</strong></span> <span class='ocrx_word' id='word_1_245' title='bbox 652 2636 888 2674; x_wconf 80' lang='lat' dir='ltr'><strong>conuenire</strong></span> <span class='ocrx_word' id='word_1_246' title='bbox 916 2635 1045 2674; x_wconf 83' lang='lat' dir='ltr'><strong>etiam</strong></span> <span class='ocrx_word' id='word_1_247' title='bbox 1074 2633 1209 2686; x_wconf 87' lang='lat' dir='ltr'><strong>prius,</strong></span> 
     </span>
     <span class='ocr_line' id='line_1_39' title="bbox 122 2709 1167 2767; baseline -0.006 -14"><span class='ocrx_word' id='word_1_248' title='bbox 122 2712 373 2753; x_wconf 86' lang='lat' dir='ltr'><strong>Commune</strong></span> <span class='ocrx_word' id='word_1_249' title='bbox 400 2724 588 2767; x_wconf 86' lang='lat' dir='ltr'>quacum</span> <span class='ocrx_word' id='word_1_250' title='bbox 617 2710 663 2749; x_wconf 89' lang='lat' dir='ltr'><strong>id</strong></span> <span class='ocrx_word' id='word_1_251' title='bbox 692 2710 793 2750; x_wconf 83' lang='lat' dir='ltr'><strong>effet</strong></span> <span class='ocrx_word' id='word_1_252' title='bbox 824 2711 899 2750; x_wconf 82' lang='lat' dir='ltr'><strong>fibi</strong></span> <span class='ocrx_word' id='word_1_253' title='bbox 928 2709 1167 2764; x_wconf 86' lang='lat' dir='ltr'><strong>negotium.</strong></span> 
     </span>
    </p>
   </div>
  </div>
 </body>
</html>
