1742 2892
194 170 251 213 ¹4
733 163 1136 204 PROOEMtvm.

187 297 243 330 ea
270 277 474 332 licentia
497 275 708 324 Comico
741 274 952 339 quidem
987 276 1300 341 ignoscenda
1329 290 1418 330 est.
1489 284 1705 352 Quinti-⁷

185 349 356 397 li'anus
389 361 514 394 vero
537 348 654 392 Inst.
681 347 766 391 Or.
798 361 869 390 ιο.
898 362 938 391 ι.
976 347 1275 404 Varronem,
1308 349 1400 411 qui
1430 344 1698 402 Romano-

185 433 306 466 rum
344 424 557 479 putatur
601 410 760 458 fuisse
803 410 1159 470 doctissimus,
1213 414 1467 465 iudicasse
1510 419 1694 473 refert:

183 486 365 535 Musas
386 482 627 530 Plautino
653 494 891 526 sermone
915 479 1223 542 loquuturas
1251 481 1430 542 fuisse,
1465 485 1508 534 si
1534 487 1695 536 latine

184 552 333 615 loqui
358 549 563 597 vellent.
612 547 789 594 Cicero
814 546 877 594 de
903 550 1040 595 Orat.
1071 563 1113 604 3.
1147 559 1197 596 et
1217 550 1416 601 Plinius
1446 570 1486 600 ι.
1517 571 1596 619 ep.
1617 555 1692 603 1‘6.

182 620 389 682 vtrique
411 616 609 672 dicunt,
644 613 960 663 feminarum
998 631 1052 662 se
1074 618 1420 678 quarumdam
1451 622 1712 686 epistola&

184 687 446 736 audiuisse
479 684 606 747 legi,
653 681 780 729 adeo
813 683 1093 746 elegantes,
1142 695 1198 731 vt
1225 686 1468 735 Plautum
1511 689 1695 740 audire
1737 721 1742 730 ·

182 757 281 804 sibi
324 753 640 801 viderentur.
720 750 1022 798 Macrobius
1063 755 1263 800 saturn.
1293 770 1336 801 2.
1367 773 1406 802 1.
1445 758 1539 804 ait:
1564 757 1693 806 'elo-

182 821 548 887 quentissimos
589 818 799 879 antiqua
828 828 960 865 aetas
994 819 1114 866 tulit
1143 820 1416 870 Comicum
1445 824 1692 883 Plautum

174 903 232 951 ⁴et
257 895 526 940 Oratorem
555 886 808 934 Tullium.
883 890 1054 952 Quam
1094 888 1224 949 tanti
1261 888 1365 937 viri
1398 893 1550 939 tantis
1581 893 1692 940 lau-

179 960 333 1007 dibus
362 956 661 1004 extulerunt
687 953 855 1001 Plauti
886 953 1216 1012 latinitatem,
1249 972 1347 1020 pro
1383 973 1440 1005 ea
1472 959 1690 1022 quidem

178 1028 331 1094 plura
358 1034 597 1070 veterum
639 1021 936 1068 testimonia
975 1018 1312 1082 coaceruare,
1338 1022 1476 1074 foret
1506 1042 1688 1092 super-3

179 1108 478 1143 vacaneum.
563 1092 604 1136 E
632 1089 835 1152 scriptis
865 1099 1036 1135 tamen
1064 1089 1493 1151 duumvirorum‚
1528 1111 1689 1144 ena-

173 1178 322 1211 :mero
355 1175 566 1214 eorum,
611 1156 703 1219 qui
737 1157 1012 1203 recentiori
1054 1167 1216 1204 aetate
1256 1160 1454 1207 iudices
1498 1161 1593 1208 hac
1630 1164 1690 1212 in
1723 1176 1727 1191 ³

177 1246 326 1277 causa
367 1227 626 1276 habentur
660 1223 807 1270 omni
838 1225 1141 1287 exceptione
1175 1226 1421 1282 maiores,
1465 1231 1688 1291 paucula
1736 1245 1742 1253 ·

177 1298 350 1346 adhuc
394 1293 707 1342 videbantur
761 1290 1064 1338 adiicienda.
1159 1294 1327 1340 Ioach.
1364 1297 1692 1347 Camerarius*

178 1367 267 1429 (de
312 1379 464 1411 carm.
507 1364 664 1418 com.)
715 1357 779 1405 de
830 1359 1014 1406 Plauto
1058 1363 1412 1429 Terentioque
1461 1363 1686 1414 iudicat:
1729 1378 1737 1387 '

177 1434 275 1482 “de
298 1433 378 1480 his
408 1427 628 1495 petenda
652 1425 819 1474 fornia
843 1426 1029 1475 latinae
1051 1428 1348 1489 locutionis,
1385 1441 1435 1478 et
1457 1442 1688 1480 ste-rnen·
1717 1444 1724 1455 ·

114 1516 118 1521 *
173 1501 302 1549 dum
333 1499 479 1562 quasi
510 1496 696 1549 solum,
728 1510 886 1558 super
914 1510 1019 1556 quo
1043 1496 1209 1543 oratio
1240 1498 1374 1544 bona
1399 1508 1450 1545 et
1477 1497 1683 1558 diserta,

172 1569 344 1617 verbis
390 1577 441 1613 et
482 1562 749 1612 sententiis
797 1572 914 1626 apte
959 1573 1277 1622 constructa,
1337 1566 1684 1616 conlocetur.‘’

172 1637 317 1687 Idem
366 1633 449 1694 (de
486 1631 583 1679 fab.
617 1630 809 1690 Plaut.)
853 1628 918 1678 de
957 1630 1141 1678 Plauto
1173 1632 1227 1679 in
1264 1633 1474 1696 primis:
1529 1637 1684 1684 “sine

173 1704 471 1769 cognitione
502 1699 664 1746 huius
693 1697 918 1744 auctoris
950 1699 1320 1762 proprietatem
1361 1711 1413 1749 et
1441 1708 1681 1752 naturam

170 1773 382 1836 linguae
415 1768 601 1815 latinae
633 1765 834 1830 percipi
874 1781 979 1812 non
1012 1767 1206 1830 posse.”
1275 1767 1418 1816 Idem
1457 1769 1679 1820 ibidem:

170 1846 202 1868 ‘⁶
217 1837 519 1892 Terentius,
558 1849 664 1897 quo
698 1849 869 1880 carere
910 1849 1018 1880 non
1055 1849 1360 1898 possumus,
1392 1846 1467 1884 est
1503 1846 1679 1886 tamen

168 1907 227 1955 in
266 1903 479 1953 mirifica
515 1900 733 1964 quadam
769 1899 1068 1948 adtentione
1093 1912 1143 1948 et
1185 1919 1307 1950 cura
1335 1903 1494 1951 nimis
1522 1903 1681 1953 artifi-

166 1975 354 2028 ciosus,
393 1982 457 2028 et,
505 1969 634 2016 dum
668 1968 770 2016 hoc
804 1984 973 2015 vnum
1005 1969 1124 2032 agit,
1161 1979 1218 2016 vt
1261 1969 1531 2018 comoedia
1565 1989 1680 2021 mo-

169 2052 278 2091 rata
313 2041 400 2096 sit,
449 2037 623 2085 nescio
663 2051 770 2097 quo
809 2046 960 2100 pacto
994 2035 1376 2100 simplicitatem
1418 2041 1676 2089 sermonis

163 2125 275 2159 non
311 2117 514 2161 tuetur,
561 2114 635 2160 et,
680 2102 809 2150 duni
854 2100 1028 2151 studet
1073 2103 1152 2150 vti
1198 2104 1383 2168 populi
1420 2107 1672 2166 oratione,

164 2178 332 2223 vtitur
353 2174 567 2223 erudita.
642 2172 830 2218 Contra
859 2170 915 2217 in
943 2171 1125 2219 Plauto
1162 2170 1327 2218 veluti
1356 2174 1673 2237 popularitas

154 2242 414 2307 quaedam
441 2237 687 2287 orationis
708 2248 796 2293 est,
819 2247 869 2285 et
891 2238 1130 2285 iocorum
1153 2238 1478 2303 vulgaritas.'’
1525 2239 1672 2290 Idem

161 2311 359 2359 ibidem
384 2308 558 2373 paullo
581 2314 722 2370 post:
771 2305 922 2370 “Qui
957 2305 1013 2351 in
1044 2305 1266 2369 circulis,
1302 2305 1672 2370 disputationi..

160 2379 275 2436 bus,
311 2371 762 2440 congressionibus
786 2370 1138 2428 familiarium,
1158 2382 1215 2420 vt
1236 2374 1415 2420 Cicero
1439 2375 1526 2432 ait,
1544 2380 1671 2424 'ver-

161 2458 318 2502 satur,
353 2441 682 2508 persequitur
715 2440 869 2486 etiam
907 2439 1170 2487 conuiuia.
1240 2443 1379 2488 Haec
1409 2442 1669 2493 nimirum

158 2525 234 2561 est
277 2510 459 2577 populi
494 2508 672 2556 oratio.
755 2509 893 2554 Haec
933 2506 1229 2554 communis
1269 2508 1552 2557 locutionis
1592 2509 1667 2559 fa-

156 2583 344 2635 cultas,
390 2589 441 2627 et
482 2584 780 2623 conseruata
822 2572 987 2620 forma
1025 2583 1300 2621 consuetae
1340 2586 1391 2624 et
1441 2579 1664 2628 omnino

155 2649 383 2696 vrbanae
416 2643 683 2697 orationis,
720 2642 776 2687 in
806 2640 991 2687 Plauto
1021 2640 1426 2705 reprehenditur
1458 2643 1520 2691 ab
1554 2648 1671 2702 HQ«

153 2718 312 2775 ratio,
359 2714 486 2779 quia
523 2725 635 2760 non
670 2706 900 2758 redoleat
946 2708 1277 2774 peregrinam
1321 2709 1581 2762 culturam
1607 2722 1673 2763 et¹
