1742 2892
171 144 228 181 u
707 133 1115 183 rnoon1vM.'

162 253 407 304 excitasse
429 258 744 304 'maxim'an1.
830 259 890 304 ln
930 253 1114 303 ceteris
1161 252 1701 322 vero“vndevigi-nti¹
1738 288 1742 293 -

160 322 352 370 fabulis
386 334 691 388 argumenta
724 339 752 371 e
786 323 977 389 graecis
1017 321 1203 369 fabulis
1225 319 1672 389 ‘essedepromtm

160 391 364 438 nemini
398 391 622 439 dubium
655 402 755 448 est,
815 401 865 439 et
895 406 1144 455 personae
1177 388 1350 438 forsan
1391 391 1580 440 exalia
1609 393 1683 450 'iri
1736 392 1742 418 '³

157 458 310 506 aliam
334 457 560 521 fabulam
579 460 847 508 translatae
869 475 974 506 esse
997 468 1228 523 possunt.
1254 462 1522 507 ··Tantum
1542 475 1672 518 vero

158 525 327 585 abest,
377 539 435 575 vt
474 544 584 576 non
630 529 731 575 nisi
770 527 991 574 verbum
1035 525 1101 574 de
1140 525 1303 575 verbo
1345 527 1670 591 expmsserit,
1710 579 1714 581 ,

158 604 220 641 vt
250 611 429 643 omnes
462 596 640 660 potius
670 611 766 642 -eae
792 594 997 642 fabulae
1026 594 1182 642 vnius
1214 592 1556 658 eiusdemque
1589 595 1672 643 in-

159 663 300 726 genii
337 662 471 711 fetus
503 680 610 711 esse
643 662 936 720 videantur,
969 673 1124 725 atque
1152 670 1455 727 peromnes
1485 661 1671 711 Thalia
1736 681 1742 686 ·

158 745 268 777 vno
311 730 600 794 eodemque
635 731 828 778 lasciuo
865 747 1107 778 sermone
1136 729 1398 795 gaudeat·
1451 733 1513 779 In
1545 729 1670 779 lusu

157 797 441 846 verborum
475 799 848 846 creberrimum
882 815 1006 846 eum
1045 814 1153 846 esse
1186 814 1297 846 non
1329 802 1491 863 nego:
1521 796 1670 861 quod
1736 859 1740 863 ι

155 863 459 914 facetiarum
499 884 688 931 genus,
738 866 857 928 quia
894 866 949 913 in
990 866 1111 913 alias
1148 865 1353 931 linguas
1396 863 1671 923 transferri
1713 878 1717 884 ’

155 934 368 994 nequit,
407 944 621 998 putatur
656 934 870 996 quidem
912 933 1256 992 vilissimum,
1283 943 1353 995 ,at
1375 943 1566 982 *tamen
1599 950 1669 981 ne
1699 937 1702 942 “

153 1017 181 1048 a
217 1002 463 1049 Cicerone
492 1001 703 1064 quidem
739 1000 1026 1048 fastiditum
1056 1018 1162 1050 esse
1193 1012 1406 1053 constat.
1472 1004 1669 1050 Teren-

152 1069 307 1121 tium,
323 1070 566 1131 quamuis
582 1070 852 1118 Comicum
880 1080 1044 1117 cetera
1065 1069 1506 1134 elegantissimum
1520 1085 1668 1135 prae-

152 1137 651 1199 stantissimumque,
688 1138 885 1201 ingenii
913 1147 1087 1185 tamen
1120 1135 1253 1195 vena
1279 1136 1478 1185 mirum
1503 1153 1668 1200 quan-

152 1214 269 1251 tum
301 1205 605 1270 benigniore
630 1222 655 1251 a
679 1206 861 1254 Plauto
887 1207 1178 1269 reperimus
1203 1204 1465 1269 superari.-
1511 1207 1664 1252 Com-

152 1283 403 1336 parentur
435 1272 592 1320 modo
622 1274 894 1336 Vtriusque
930 1273 1168 1337 Prologi‚
1199 1283 1266 1320 et
1301 1269 1571 1336 quomodo
1603 1269 1664 1324 τὸ

151 1339 398 1387 Plaudite
449 1350 663 1403 vterque
707 1341 894 1389 efferat.
994 1342 1274 1389 Terentius
1322 1342 1383 1387 iu
1423 1339 1664 1405 Prologis
1724 1378 1727 1382 ,

150 1406 287 1454 nihil
328 1406 434 1455 fere
479 1407 649 1466 aliud,
708 1426 864 1472 quam
913 1419 1218 1473 poetarum,
1276 1407 1665 1456 malevolorum

149 1474 267 1532 sibi,
301 1474 584 1523 maledictis
613 1475 890 1541 respondet
902 1494 915 1534 ;
952 1492 1086 1540 quae
1112 1476 1270 1534 rixae,
1304 1476 1408 1524 nisi
1427 1474 1664 1529 taedium

152 1553 355 1600 creant,
423 1542 780 1592 oblectationis
828 1555 964 1592 certe
1011 1545 1146 1592 nihil
1187 1544 1679 1609 habere.zpossun'n¹

147 1610 320 1659 Plauti
362 1621 537 1658 autem
580 1611 813 1677 Prologi‚
844 1622 1105 1675 quotquot
1145 1612 1430 1677 praemisit,
1462 1614 1533 1660 et
1558 1606 1663 1676 ipsi

147 1678 253 1725 iam
306 1679 587 1726 venustatis
628 1681 1057 1742 amoenitatisque
1099 1680 1243 1744 pleni
1284 1685 1432 1736 sunt,
1493 1689 1544 1727 et
1586 1677 1660 1736 id,

145 1746 388 1810 plerique
428 1757 587 1801 certe,
643 1748 744 1794 iam
790 1757 1047 1811 spectant,
1100 1764 1229 1810 quo.
1257 1748 1411 1795 nihil:
1443 1746 1661 1803 Comico

145 1814 297 1877 prius
331 1830 438 1860 esse
486 1813 662 1871 debet,
713 1826 768 1861 vt
813 1813 1147 1879 prudentiam
1192 1813 1448 1862 adiuuent
1489 1814 1660 1861 virtu-

144 1881 316 1942 tisque
353 1880 586 1941 studium
623 1882 1007 1930 commendent.
1098 1887 1262 1931 Pauca
1295 1881 1456 1928 modo
1494 1881 1659 1931 huius
1720 1885 1730 1918 ·.

144 1948 314 1995 laudis
359 1950 591 2012 exempla
625 1966 936 1997 memorasse
972 1949 1234 1997 subficiat.v
1326 1952 1384 1995 ln
1429 1950 1657 2014 Prologo

143 2015 395 2064 Trinumi
435 2016 676 2064 Luxuria
725 2017 938 2074 iuueni,
998 2018 1091 2080 qui
1137 2015 1392 2080 adiutrice
1437 2031 1497 2063 ea
1540 2030 1658 2064 rem

141 2093 407 2149 paternam
433 2082 744 2147 perdiderat,
762 2082 958 2153 filiam,
981 2087 1240 2149 Inopiam,
1272 2081 1325 2130 in
1357 2082 1506 2131 aedes
1536 2084 1658 2132 mit·
1686 2133 1688 2137 ,

142 2152 223 2207 tit,
257 2153 390 2212 qnae
421 2160 635 2199 aetatem
673 2168 793 2199 cuni
827 2168 889 2199 eo
922 2154 1104 2217 exigat.
1177 2155 1235 2199 In
1263 2150 1527 2199 Aulularia
1556 2154 1657 2201 Lar

142 2218 443 2275 familiaris,
485 2218 546 2265 ab
576 2218 705 2265 hero
738 2219 1019 2282 neglectus,
1056 2220 1170 2266 eius
1201 2234 1330 2266 vero
1363 2234 1392 2266 a
1422 2217 1532 2265 filia
1566 2218 1655 2283 pie

97 2294 99 2297 ’
141 2287 340 2341 cultus,
377 2286 503 2334 huic
532 2286 603 2332 ita
635 2286 971 2343 consulendo,
1005 2297 1062 2334 vt
1091 2288 1203 2334 eius
1235 2295 1470 2333 causaret
1500 2286 1654 2350 patri,

137 2353 291 2404 breui
311 2355 563 2401 anxietate
581 2351 847 2407 defuncto,
867 2364 1178 2417 parceretur,
1197 2352 1439 2409 ostendit,
1461 2364 1656 2415 quanta

140 2422 342 2471 sincero
389 2420 555 2467 cultui
602 2419 789 2467 diuino
827 2421 1055 2483 praemia
1092 2420 1259 2467 tribui
1301 2420 1511 2468 soleant.
1590 2423 1654 2468 In

139 2489 388 2539 Rudente
431 2494 679 2537 Arcturus
722 2498 879 2534 noctu
916 2488 1043 2534 dicit
1084 2488 1141 2534 in
1179 2487 1325 2535 coelo
1360 2487 1559 2535 clarum
1596 2503 1652 2535 se

114 2557 277 2603 'inter
315 2555 439 2603 deos
471 2555 687 2610 versari,
720 2553 950 2601 interdiu
976 2555 1354 2618 speculatorem
1388 2555 1527 2602 iuter
1555 2554 1650 2602 ho-

138 2626 335 2679 mines,
376 2622 468 2686 qui
504 2619 795 2677 beneficiis,
846 2621 937 2682 qui
969 2622 1153 2687 poenis
1182 2621 1326 2686 digni
1367 2622 1496 2677 sint,
1534 2622 1650 2670 lovi

137 2692 406 2748 nuntiare,
446 2691 558 2738 eius
594 2689 671 2738 rei
709 2686 868 2736 modo
899 2704 979 2746 se,
1018 2689 1209 2737 lenone
1238 2689 1428 2755 punito
1460 2699 1511 2737 et
1543 2690 1649 2738 vir-
