1742 2924
177 189 267 240 158
712 193 1140 232 cArrlvonM

167 305 256 345 PH.
269 301 417 344 At‘nos
436 301 584 358 pudet,
603 303 707 357 quia
726 315 825 343 cum
848 304 1008 344 catenis
1028 301 1188 346 sumus.
1209 305 1288 346 Lo.
1304 307 1359 350 At
1373 309 1517 365 pigeat
1529 313 1671 367 postea

165 378 362 421 Nostrum
394 379 572 423 herum,
604 377 630 415 fi
662 392 739 418 vos
770 379 926 418 eximat
954 380 1157 427 vinculis,
1437 430 1440 434 .
1616 392 1676 435 10'

1451 442 1463 457 Χ

164 458 251 497 Aut
279 454 439 495 solutos
460 454 618 499 sinat„
635 466 744 507 quos
774 463 952 509 argento
979 457 1145 497 emerit.

165 533 252 571 PH.
287 530 405 585 Quid
432 543 454 568 a
484 528 824 569 nobismetuit‘?
865 528 1020 570 scimus
1051 513 1131 572 nos

161 606 362 661 Nostrum
398 602 589 646 officium
616 604 733 658 quod
762 605 838 650 est,
873 606 898 644 fi
932 603 1092 647 solutos
1127 609 1242 651 [inat.

160 681 243 726 Lo.
274 685 326 722 At
358 681 505 736 fugam
534 678 709 734 fingitis.
749 679 886 721 sentio
917 696 1044 737 quam
1072 697 1162 724 rem
1193 688 1332 741 agitis.

161 759 250 799 ΡΗ.
279 758 369 797 Nos
407 754 660 810 fugiamus?
695 767 782 810 quo
799 754 1061 810 *fugfamusQ
1123 762 1202 802 Lo.
1241 763 1290 817 In
1321 766 1514 818 patriam.
1569 769 1659 811 Pu.

895 833 1059 890 Apage:
1090 836 1204 876 haud
1229 851 1307 879 nos
1338 840 1383 879 id
1411 841 1558 883 deceat
1607 859 1657 896 15

159 910 218 951 Fu
225 910 384 965 gitiuos
396 907 569 947 imitari.
584 906 663 946 Lo.
676 907 816 946 Immo
832 906 986 961 edepol
999 910 1026 948 fi
1037 912 1118 950 erit
1127 925 1225 952 occa
1233 914 1303 960 fio,
1316 915 1430 956 haud
1444 915 1658 960 dehortor.

156 987 245 1027 1²11.
272 985 415 1025 Vnum
436 995 610 1023 exorare
636 994 716 1023 vos
735 983 855 1022 finite
879 996 972 1024 nos.
1015 985 1094 1026 Lo.
1121 987 1342 1041 Quidnam
1373 991 1420 1031 id
1445 992 1532 1034 est?
1566 995 1654 1036 PH,

889 1060 943 1098 Vt
968 1059 1055 1099 fine
1084 1062 1152 1101 his
1184 1063 1349 1105 arbitris

155 1141 295 1195 Atque
323 1137 449 1176 vobis
480 1135 607 1175 nobis
634 1135 744 1175 detis
775 1136 922 1175 locum
948 1136 1169 1189 loquendi.

154 1216 237 1255 Lo.
267 1213 373 1252 Fiat.
406 1211 623 1252 abscedite
650 1211 778 1250 hinc·
807 1222 887 1250 nos
920 1211 1211 1252 concedamus
1237 1213 1337 1255 huc.
1378 1214 1449 1256 [ed
1472 1216 1654 1259 breuem

899 1288 1135 1327 orationem
1167 1290 1382 1344 incipeffe.

89 1410 91 1414 f
148 1365 236 1406 ΡΗ.
260 1364 376 1404 Hem
403 1361 510 1402 istuc
529 1362 640 1403 mihi
661 1372 828 1402 certum
855 1372 955 1402 erat.
988 1362 1179 1403 concede
1202 1364 1304 1403 huc.
1347 1366 1425 1405 Lo.
1446 1367 1572 1408 Abite
1599 1369 1652 1408 ab

882 1436 982 1476 istis.
1038 1437 1112 1478 Tr.
1143 1435 1335 1479 Obnoxffli
1355 1442 1483 1481 ambo
1597 1460 1650 1487 20

145 1519 277 1560 Vobis
302 1518 444 1557 sumus
475 1524 651 1571 propter
670 1512 785 1551 hanc
803 1525 916 1562 rem;
949 1527 1098 1568 quum,
1129 1527 1241 1570 quae
1269 1516 1471 1556 volumus
1498 1507 1594 1564 nos,

143 1590 281 1650 Copia
311 1592 389 1638 est,
422 1605 470 1630 ea
502 1590 643 1630 facitis
674 1601 752 1631 uos
782 1592 1020 1643 compotes.
1496 1595 1501 1598 ⁴

118 1671 230 1710 ,Ρη
260 1668 421 1710 Secede
451 1667 538 1706 huc
566 1676 687 1703 nunc
713 1664 835 1708 iam‚'
853 1663 880 1700 fi
911 1664 1108 1709 videtur,
1137 1666 1306 1718 procul,

142 1746 211 1786 Ne
240 1744 387 1785 arbitri
414 1743 529 1782 dicta
554 1736 690 1778 nostra
719 1738 913 1777 arbitrari
943 1747 1117 1792 queant,

134 1821 264 1860 Neue
295 1827 522 1873 permanet
550 1815 688 1868 palam
717 1815 824 1852 haec
855 1812 992 1852 nostra
1022 1812 1202 1854 fallacia.

131 1896 253 1947 ‚Nam
285 1894 374 1933 dou
405 1905 494 1931 uon
525 1889 612 1930 doli
642 1887 759 1934 sunt,
789 1889 867 1927 nifi
902 1888 988 1930 astu
1015 1889 1145 1936 colas,

140 1966 225 2010 Sed
253 1966 418 2009 malum
447 1979 724 2011 maxumum,
759 1964 784 2002 fi
819 1963 864 2002 id
895 1966 1035 2019 palam
1067 1965 1282 2020 prouenit.

1592 1839 1643 1876 25

874 2114 1079 2161 adfimilo,

135 2197 306 2237 Tamen
318 2193 409 2234 viso
426 2190 573 2248 opu’st‚
587 2201 712 2241 cauto
732 2189 788 2230 est
807 2203 928 2245 opus,
941 2199 989 2229 vt
1000 2191 1086 2236 hoc
1100 2188 1253 2236 sobrie,
1266 2190 1439 2248 fineque
1453 2195 1638 2242 arbitris,

134 2272 345 2312 Adcurate
376 2271 462 2308 hoc
496 2276 666 2322 agatur,
711 2265 836 2305 docte
862 2277 904 2306 et
937 2266 1180 2319 diligenter.
1571 2285 1638 2320 30

134 2348 272 2386 Tanta
303 2346 475 2399 incepta
500 2356 566 2382 res
598 2341 675 2382 est:
708 2341 824 2380 haud
856 2335 1139 2397 somniculose
1171 2340 1256 2381 hoc

134 2420 363 2476 Agendum
394 2418 462 2458 est.
528 2419 601 2457 Tr.
630 2416 738 2463 Em,
767 2424 815 2455 vt
844 2429 918 2455 me
939 2417 1060 2455 voles
1079 2414 1183 2465 effe.
1240 2417 1328 2455 PH.
1359 2415 1507 2471 Spero,

142 2498 216 2536 Tr.
246 2496 358 2534 Nam
386 2506 433 2534 tu
463 2507 582 2533 nunc
610 2492 732 2532 vides
762 2504 839 2546 pro
871 2502 947 2530 tuo
979 2503 1075 2530 caro
1107 2491 1246 2547 capite

132 2572 291 2611 Carum
323 2568 489 2610 obferre
514 2581 663 2608 meum
699 2576 826 2618 caput
857 2567 1028 2606 vilitati.

133 2648 222 2686 PH.
251 2647 366 2686 Scio.
418 2644 494 2684 Tr.
527 2644 580 2683 At
612 2641 718 2680 [cire
754 2652 990 2685 memento,
1036 2638 1207 2694 quando
1242 2638 1301 2687 id,
1339 2641 1458 2695 quod
1499 2643 1632 2690 voles,

871 2715 1065 2756 habebis.
1440 2772 1441 2776 Ἰ
1581 2731 1635 2768 35

62 2081 65 2089 ,
109 2047 111 2049 ’
139 2045 252 2086 Nam
290 2045 318 2083 si
348 2043 475 2082 herus
512 2041 623 2081 mihi
654 2053 699 2079 es
723 2050 787 2086 tn,
826 2035 955 2094 atque
993 2046 1071 2095 ego
1097 2054 1167 2080 me
1201 2049 1327 2089 tuum
1359 2041 1439 2082 effe
1470 2042 1642 2087 seruum
1690 2040 1694 2046 ”
