1742 2924
208 235 300 284 298
835 235 1086 277 emme!

203 346 333 386 Meus
362 346 584 402 deperibat
611 346 847 389 fidicinam.
908 350 996 389 Mt.
1028 351 1143 394 Haec
1173 362 1262 391 nou
1294 347 1350 390 est
1378 364 1438 394 ea.

202 424 283 464 PE.
318 421 471 478 Quid?
521 435 612 465 non
641 422 730 464 est?
786 408 1004 465 M1.'N0n
1035 425 1105 466 est.
1173 427 1250 467 PE.
1285 425 1405 468 vnde
1444 428 1551 469 haee
1578 430 1715 485 igituir

1108 503 1305 556 gentium
1333 501 1421 543 est?

201 573 418 630 Equidem
455 576 598 616 hercle
623 586 845 632 argentum
875 591 952 633 pro
980 577 1064 618 hac
1093 577 1208 618 dedi.
1270 579 1357 618 Mr.
1393 580 1531 620 Stulte
1562 579 1710 621 datum

202 650 331 696 Reor,
368 661 495 707 atque
523 661 750 706 peccatum
788 654 971 708 largiter.
1027 653 1107 692 ΡΒ.
1137 655 1277 693 lmmo
1308 654 1416 696 haec
1446 652 1562 695 ea'st:

201 726 314 768 Nam
347 726 515 767 servom
542 727 655 774 mifi,
694 729 771 782 qui
799 727 947 768 sectari
973 727 1079 769 solet
1108 742 1258 769 meum
1661 743 1715 780 50

204 790 408 843 Gnatum.
446 801 535 858 ipse
559 803 672 844 hauc
699 806 806 844 emit
831 802 1066 845 fidicinam.
1120 806 1208 846 Mr.
1235 801 1373 845 Hem!
1404 804 1495 844 istic
1520 804 1655 845 homo

200 879 472 920 Articulatim
505 889 546 918 te
578 880 794 927 concidit;
831 880 979 927 senex,
1008 891 1110 921 tuus

203 956 375 996 Seruos.
415 957 490 995 ΡΒ.
514 954 668 1008 Quid?
698 954 924 995 concidit?
970 958 1055 996 Mt.
1079 957 1225 998 Nihil:
1267 957 1321 996 fic
1355 957 1599 1014 [uspicio'st.

199 1031 314 1072 Nam
347 1044 423 1086 pro
456 1029 632 1073 fidicim
660 1029 768 1069 haec
798 1028 1004 1086 subposita
1035 1030 1092 1071 est
1121 1033 1216 1073 tibi.

202 1109 367 1153 Senex,
404 1107 484 1146 tibi
511 1120 558 1147 os
588 1105 644 1147 est
673 1105 874 1145 sublitum
906 1106 1033 1161 plane
1059 1118 1102 1148 et
1131 1110 1280 1163 probe.
1657 1122 1707 1159 55

197 1186 278 1225 PE.
311 1184 403 1239 Ego
439 1183 559 1224 illam
600 1183 815 1238 requiram
854 1183 962 1229 iam,
1010 1184 1086 1223 vbi
1121 1184 1198 1223 vbi
1233 1183 1304 1224 est.
1343 1184 1535 1230 bellator,
1588 1179 1705 1223 vale!

1107 1261 1243 1310 (miles
1270 1260 1380 1311 abit)

198 1334 387 1394 (secum)
420 1336 566 1390 Euge:
607 1332 731 1390 frugi,
760 1333 958 1389 Epidice‚
990 1332 1104 1390 frugi
1131 1334 1199 1375 es!
1242 1333 1456 1390 pugnasti!
1492 1335 1627 1375 homo
1649 1345 1708 1380 en.

197 1414 290 1468 Qui
316 1426 388 1452 me
414 1409 644 1451 emunxisti
676 1410 928 1456 mucidum,
968 1411 1144 1450 minimi
1173 1410 1305 1465 preti!

197 1489 451 1542 (Fidicinae)
484 1485 699 1526 Mercatus
729 1495 771 1526 te
802 1484 937 1525 hodie
965 1485 1021 1525 est
1052 1485 1107 1526 de
1137 1486 1296 1526 lenone
1326 1483 1598 1541 Apoecides?

193 1562 436 1606 Ehodum?
484 1562 551 1603 Ft.
582 1560 675 1616 Ego
710 1560 849 1602 istunc
888 1560 1115 1601 hominem
1155 1575 1397 1617 numquam
1433 1559 1586 1602 audiui
1609 1569 1710 1601 ante

1097 1639 1216 1678 hunc
1242 1637 1376 1685 diem,
1651 1640 1707 1679 60

188 1718 347 1773 Neque
377 1728 449 1756 me
478 1713 657 1773 quidem
690 1727 832 1754 emere
860 1715 1091 1771 quisquam
1119 1715 1203 1754 vlla
1233 1714 1420 1770 pecunia

191 1792 368 1835 Potuit:
404 1792 501 1844 plus
531 1791 616 1830 iam
644 1788 739 1831 sum
769 1791 904 1831 libera
933 1791 1302 1846 quinquennium.

191 1870 274 1909 ΡΒ.
308 1866 430 1920 Quid
458 1866 538 1905 tibi
563 1868 732 1922 negotii
764 1865 821 1906 est
847 1879 970 1906 meae
1002 1866 1123 1906 domi
1155 1865 1321 1921 igitur?
1374 1867 1443 1909 Fr.
1474 1867 1650 1910 Audies.

192 1944 421 1986 Conducta
451 1943 580 1989 veni,
609 1952 658 1982 vt
688 1941 846 1983 fidibus
876 1953 1090 1983 cantarem
1121 1942 1225 1988 seni,

104 2070 106 2072 ‚
191 2022 313 2061 Dum
342 2032 436 2059 rem
467 2018 665 2057 diuinam
696 2016 867 2058 faceret.
929 2020 1005 2059 Pu.
1033 2019 1185 2059 Fateor
1214 2031 1286 2058 me
1319 2019 1519 2060 omnium
1647 2026 1701 2074 65

192 2097 439 2138 Hominum
470 2093 549 2133 ess'e
577 2093 757 2133 Athenis
785 2094 939 2135 Atticis
966 2095 1143 2135 minimi
1179 2095 1300 2150 preti.

192 2171 280 2213 Sed
308 2181 355 2211 tu
378 2168 580 2210 nouistin’
605 2167 830 2209 fidicinam
860 2168 1249 2224 Acropolistidem?

193 2249 263 2289 Fr.
298 2246 410 2286 Tam
434 2244 576 2292 facile,
607 2258 737 2300 quam
766 2257 851 2285 me.
907 2246 990 2287 1³2.
1018 2245 1102 2285 Vbi
1126 2243 1325 2285 habitat?
1372 2244 1439 2284 Fr.
1471 2244 1701 2302 Postquam
1738 2268 1739 2273 =

1097 2319 1301 2366 libera'ft,
1326 2319 1404 2360 vbi

189 2399 373 2440 Habitet
387 2397 506 2445 dum,
522 2399 687 2438 incerto
706 2396 809 2437 reio.
838 2398 916 2437 Pu.
930 2393 1048 2438 Eho!
1072 2395 1189 2436 ain‘?
1211 2397 1309 2451 quis
1326 2409 1423 2436 eam
1438 2395 1699 2444 liberaueriu
1726 2378 1740 2425 ,.'

187 2475 298 2516 Volo
327 2473 455 2519 scire,
487 2474 514 2512 fi
543 2471 638 2512 scis.
704 2474 767 2513 Ft.
801 2473 851 2513 ld
880 2472 998 2528 quod
1028 2471 1183 2512 audiui
1208 2469 1372 2511 audies.
1641 2487 1697 2525 70

188 2549 526 2604 Stratippoclem
554 2548 705 2588 audiui
730 2548 965 2604 Periphani
992 2545 1132 2588 filium
1581 2530 1586 2535 ¹

163 2622 421 2667 ‘Absentem
453 2624 682 2670 curauiffe‚
710 2635 758 2665 vt
785 2622 909 2665 fieret
935 2623 1083 2663 libera.

185 2701 266 2740 PE.
295 2700 412 2740 Perii
441 2697 606 2740 hercle!
651 2700 676 2738 fi
704 2698 861 2739 isthaec
891 2712 989 2739 vera
1023 2697 1120 2738 sunt
1145 2697 1413 2751 planiss'ume‚

188 2776 341 2818 Meum
374 2775 641 2817 exenterauit
674 2774 885 2828 Epidicus
911 2771 1192 2827 marsupium.
