1742 2924
180 153 271 199 112
596 139 599 142 ’
756 155 1118 195 AVLVLAMA

177 261 452 306 Thesaurum
486 263 581 304 auri
611 248 922 305 clam⁴omnis=
963 266 1012 304 in
1044 266 1190 308 medio
1219 266 1321 310 foco

175 339 381 388 Defodit‚
415 353 623 380 venerans
651 354 745 387 me,
778 348 828 378 vt
859 340 906 380 id
936 330 1146 383 seruarem
1172 344 1261 384 [ibi.
1321 344 1325 347 “

178 419 221 461 Is
249 431 388 473 quum
417 417 503 458 iam
534 419 732 464 moritur,
758 416 824 455 ‘ita
853 415 984 457 auido
1013 419 1192 473 ingenio
1209 418 1321 467 fuit,

179 492 432 548 Numquam
457 491 650 533 indicare
680 483 726 532 i'd
757 491 846 532 filio
876 493 1020 532 voluit
1048 493 1150 542 suo;

177 569 450 623 Inopemque
483 572 653 625 optauit
680 570 826 624 potius
857 582 959 608 eum
987 570 1251 625 relinquere,
1285 573 1288 578 '

181 643 327 698 Quam
355 657 458 684 eum
488 645 758 685 Thesaurum
789 643 1147 687 commonstraret
1177 645 1281 689 filio.

179 720 282 775 Agri
306 721 481 775 reliquit
512 721 571 760 eii
601 734 691 761 non
719 733 927 777 magnum
955 722 1153 775 modum,

181 794 283 850 Quo
314 809 418 836 cum
446 795 590 836 labore
618 810 776 853 magno
808 808 850 838 et
877 799 1028 839 misere
1055 800 1238 840 viueret.

179 871 264 912 Vbi
293 872 330 912 is
357 872 466 912 obiit
494 881 705 919 mortem,
745 875 821 929 qui
847 874 960 913 mihi
989 874 1035 914 id
1064 889 1218 916 aurum
1248 873 1447 924 credidit,

180 947 322 1002 Coepi
357 947 607 994 obseruare,
637 950 766 1003 ecqui
797 951 1006 989 maiorem
1034 949 1148 990 filius

108 1056 115 1061 ,
179 1023 298 1063 Mihi
328 1025 541 1065 honorem
570 1024 772 1070 haberet,
810 1039 941 1080 quarn
971 1028 1064 1066 eius
1094 1026 1306 1067 habuiffet
1333 1034 1466 1082 pater,

181 1099 323 1155 Atque
348 1100 420 1140 ille
449 1100 551 1140 vefo
580 1101 727 1140 minus
756 1101 992 1156 minusque
1023 1101 1233 1156 inpendio
1272 1107 1278 1119 ¹

183 1174 367 1223 Curare,
396 1178 631 1231 minusque
655 1172 728 1216 ine
758 1176 965 1229 inpartire
992 1177 1246 1218 honoribus.

182 1253 293 1291 Item
324 1265 348 1291 a
377 1265 449 1292 me
478 1260 624 1292 contra
650 1249 814 1290 factum
844 1251 934 1291 ests
958 1265 1058 1292 narn
1090 1253 1198 1292 item
1223 1253 1335 1291 obiit
1365 1252 1497 1293 diem.

181 1327 221 1367 Is
251 1340 303 1368 ex
330 1325 373 1366 se
401 1328 522 1369 hunc
549 1328 748 1383 reliquit,
779 1328 856 1383 qui
885 1328 958 1368 hic
986 1341 1106 1367 nunc
1134 1328 1322 1375 habitat,
1355 1325 1496 1367 filium

179 1403 344 1445 Pariter
371 1413 615 1450 moratum,
646 1413 695 1443 vt
720 1413 840 1458 pater
870 1417 1063 1459 anusque
1088 1404 1223 1444 huius
1251 1402 1350 1444 fuit.

180 1478 303 1531 Huic
329 1477 417 1517 filia
447 1490 534 1516 vna
567 1477 647 1519 est:
684 1493 733 1519 ea
760 1480 873 1519 mihi
902 1481 1064 1520 cotidie

181 1555 270 1596 Aut
295 1554 442 1601 thure,
475 1561 550 1593 aut
579 1549 709 1602 irino,
742 1566 815 1595 aut
842 1557 979 1610 aliqui
1009 1554 1176 1609 semper
1203 1555 1439 1610 subplicat:

182 1631 270 1670 Dat
295 1630 408 1670 mihi
436 1642 631 1671 coronas.
687 1630 800 1670 Eius
822 1631 1003 1671 honoris
1035 1632 1173 1686 gratia

181 1707 307 1754 Feci,
335 1706 583 1755 thesaurum
610 1714 659 1744 vt
682 1706 758 1745 hic
785 1708 995 1760 reperiret
1021 1707 1191 1753 Euclio,

183 1782 287 1838 Quo
318 1795 414 1822 eam
442 1780 613 1822 facilius
640 1792 827 1837 nuptum
844 1811 855 1828 ‚
885 1783 911 1821 fi
941 1783 1095 1829 vellet,
1125 1781 1256 1822 daret.

180 1859 297 1899 Nam
327 1855 574 1913 compreffit
607 1857 785 1897 earn'de
814 1850 984 1897 summo
1014 1857 1261 1899 adolescens
1292 1858 1401 1900 loco.

180 1935 220 1974 Is
252 1932 333 1973 scit
363 1930 610 1972 adolescens
645 1945 757 1988 quae
783 1933 852 1979 fit,
891 1946 1023 1988 quam
1052 1933 1364 1988 compresserit:

182 2012 259 2061 Illa
287 2011 411 2049 illum
438 2007 595 2054 nescit,
623 2020 767 2062 neque
797 2009 1075 2063 compressam
1105 2018 1251 2048 autem
1279 2017 1411 2063 pater.

183 2087 292 2126 Eam
323 2099 402 2141 ego
427 2084 561 2125 hodie
591 2081 774 2128 faciam,
813 2094 861 2124 vt
894 2084 966 2124 hic
993 2083 1119 2124 senex
1149 2083 1202 2122 de
1238 2084 1440 2139 proximo

182 2162 278 2202 Sibi
305 2174 484 2202 onrem
508 2159 666 2215 poscat.
701 2159 747 2198 id
777 2172 826 2199 ea
855 2152 1011 2201 faciani
1041 2160 1189 2214 gratia,

185 2237 288 2291 Quo
320 2237 393 2275 ille
421 2249 516 2275 eam
546 2219 728 2275 facilius*
747 2233 897 2282 ducat,
926 2235 1003 2291 qui
1033 2231 1339 2288 compresserat.

184 2313 242 2352 Et
269 2313 345 2351 hic
374 2312 452 2367 qui
481 2309 754 2366 posceteam
787 2310 860 2349 fibi
890 2323 1070 2352 vxotem
1098 2308 1240 2357 senex,

184 2387 224 2426 Is
254 2385 534 2426 adolescentis
561 2380 679 2425 illius
710 2383 766 2424 est
796 2379 1053 2432 auunculus,

187 2461 424 2515 Quiillam
455 2459 663 2519 stuprauit
687 2470 845 2506 noctu,
879 2460 1044 2500 Cereris
1071 2460 1250 2515 vigiliis.

187 2535 274 2576 Sed
302 2537 375 2576 hic
408 2534 538 2575 senex
564 2538 652 2576 iam
682 2535 836 2574 clamat
866 2536 1008 2582 intus,
1048 2543 1096 2575 vt
1119 2533 1238 2576 solet.

183 2612 330 2653 Anum
360 2611 475 2651 foras
503 2610 715 2656 extrudit,
754 2623 811 2649 ne
841 2611 887 2649 fit
917 2610 1100 2651 conscia.

187 2685 327 2727 Credo
360 2698 515 2728 aurum
547 2685 758 2742 inspicere
784 2687 889 2734 volt,
921 2698 979 2726 ne
1002 2686 1260 2745 subreptum·
1284 2684 1371 2725 fiet.

1640 2027 1694 2071 av
1734 1993 1742 2075 ἷ·

1641 2363 1692 2436 'ss
