1742 2924
167 152 264 207 706
755 163 1082 203 avenn-ris

166 268 258 330 Qui
286 271 411 313 falsas
440 270 539 310 lites
567 268 679 315 falsis
706 269 962 317 testimoniis

164 351 348 391 Petunt:
386 349 550 403 quique
580 347 628 385 in
653 346 746 386 iure
778 347 980 390 abiurant
1011 353 1268 405 pecuniam:

162 415 329 466 Eorum
357 421 583 464 referimus
614 422 797 461 nomina
823 422 1028 481 exscripta
1055 415 1112 466 xad
1140 428 1301 472 Iovem'.
1496 427 1499 431 ’
1625 448 1673 486 15

162 501 339 542 Cotidie
368 500 440 539 ille
470 497 568 545 scit,
597 499 693 553 quis
721 499 796 537 hic
828 511 1001 555 quaerat
1029 504 1209 546 malum,

161 578 254 632 Qui
285 577 360 618 hic
394 576 519 616 litem
553 573 731 627 adipisci
762 574 975 628 postulant
1001 580 1205 634 periurio,

158 654 270 694 Mali
300 666 368 693 res
399 650 519 690 falsas
553 651 630 704 qui
660 651 880 704 inpetrant
905 654 1019 708 apud
1050 655 1270 697 iudicem:
1308 684 1317 687 ⁷—

154 732 320 772 Iterum
351 728 425 767 ille
455 739 549 765 eam
577 738 671 764 rem
699 726 934 768 iudicatam
971 726 1148 776 iudicat,
1682 780 1684 782 r

155 806 327 845 Maiore
351 803 514 842 mulcta
541 801 745 849 mulctat,
781 817 910 858 quam
937 804 1063 843 litem
1093 801 1311 845 auferunt.
1366 841 1369 845 ,
1620 784 1682 849 ιᾸ

153 881 306 922 Bonos
339 881 386 918 in
414 879 509 918 aliis
539 864 698 918 tabulis
737 877 968 935 exscriptos
1000 879 1142 918 habet.

153 958 295 1012 Atque
324 956 411 994 hoc
441 952 602 993 [celesti
632 955 679 992 in
712 948 909 995 animuin
943 954 1159 996 inducunt
1192 955 1328 1004 suum,

151 1036 307 1082 Iouem
339 1030 380 1070 se
409 1030 576 1085 placare
603 1028 718 1084 poss'e
752 1031 904 1078 donis,
935 1018 1106 1080 hostiis;

150 1109 209 1150 Et
241 1119 417 1162 operam
447 1116 490 1145 et
517 1103 742 1158 sumptum
772 1106 1013 1160 perfluunt:
1055 1108 1101 1147 id
1131 1121 1182 1148 eo
1211 1107 1286 1156 fit,
1319 1111 1419 1167 quia
1480 1102 1482 1105 ’

149 1185 277 1242 Nihil
307 1184 349 1222 ei
383 1181 614 1236 adceptum
645 1179 707 1220 est
731 1193 753 1219 a
774 1182 973 1246 'periuris
1001 1181 1216 1236 subplicii.
1615 1203 1664 1239 ²5

146 1252 361 1306 Facilius,
392 1258 420 1296 fi
452 1257 529 1312 qui
557 1256 656 1309 pins
685 1254 764 1303 est,
798 1271 819 1296 a
851 1256 918 1295 dis
948 1256 1209 1313 subplicans,
1608 1261 1613 1263 ’

150 1337 298 1391 Quam
325 1335 400 1389 qui
430 1330 625 1372 [celestus
655 1329 736 1378 est,
765 1322 961 1372 inueniet
990 1335 1166 1374 veniam
1196 1335 1286 1376 fibi.
1352 1363 1355 1365 >
1424 1352 1426 1354 ·

147 1412 317 1454 Idcirco
348 1421 510 1448 moneo
540 1420 619 1447 vos
646 1419 724 1462 ego
748 1408 886 1454 -haec,
917 1410 995 1462 qui
1024 1408 1118 1449 estis
1148 1410 1271 1456 boni,

148 1473 327 1542 Quidue
359 1471 544 1522 aet‘atem
571 1481 697 1536 agitis
724 1494 825 1522 cum
863 1483 1023 1536 pietate
1048 1491 1091 1521 et
1115 1496 1215 1524 cum
1245 1483 1346 1533 fide,

145 1563 349 1604 Retinete
380 1570 533 1613 porro,
565 1555 657 1611 post
686 1554 849 1597 factum
880 1558 930 1597 v't
959 1559 1199 1601 laetemini.

146 1638 300 1683 Nunc,
330 1636 417 1675 huc
447 1646 531 1688 qua
560 1631 680 1671 causa
711 1634 840 1677 veni,
870 1644 1176 1688 'argumentum
1205 1636 1394 1694 eloquar.

143 1716 346 1756 Primum
376 1711 403 1750 d
437 1723 482 1748 m
513 1709 619 1747 huic
647 1705 728 1746 effe
754 1720 918 1748 nomen
946 1710 1046 1749 vrbi
1079 1710 1298 1767 Diphilus

143 1788 338 1841 Cyrenas
369 1784 531 1829 voluit„
556 1782 647 1822 illic
675 1783 842 1823 habitat
871 1785 1117 1826 Daemones

142 1867 196 1906 In
230 1876 328 1918 agro
359 1844 621 1915 atque-villa
651 1871 862 1912 proxuma
887 1871 1063 1915 propter
1087 1872 1231 1911 mare3

75 1968 78 1971 -
145 1941 308 1984 Senex,
344 1936 420 1990 qui
449 1935 537 1974 huc
562 1933 744 1972 Athenis
772 1922 890 1974 exsul
916 1937 1063 1982 venit,
1094 1937 1212 1977 haud
1235 1940 1389 1982 malus.

139 2015 296 2068 Neque
324 2013 360 2051 is
389 2011 494 2049 adeo
526 2007 703 2063 propter
733 2009 945 2049 malitiam
975 2012 1110 2064 patria
1139 2022 1278 2054 caret:

144 2089 251 2135 Sed,
285 2088 388 2126 dum
424 2085 528 2124 alios
564 2081 723 2130 seruat,
767 2081 810 2123 se
839 2084 1059 2140 inpediuit
1090 2089 1279 2130 interim.
1316 2077 1319 2079 ‚

139 2166 251 2206 Rem
286 2164 397 2202 bene
427 2156 616 2215 paratam
648 2160 853 2200 comitate
882 2161 1084 2213 perdidit.

110 2240 261 2289 ‘Huic
292 2236 420 2276 filiola
450 2237 572 2288 vir'go
603 2235 734 2289 periit
760 2235 950 2289 paruula.

139 2315 249 2354 Eam
280 2311 333 2351 de
365 2309 583 2366 praedone
613 2310 682 2348 vir
710 2319 927 2350 mercatur
957 2311 1194 2365 peffumust
1227 2316 1238 2321 χ

138 2391 179 2430 Is
213 2398 308 2428 eam
338 2387 425 2425 huc
460 2384 651 2435 Cyrenas
683 2384 990 2425 lenoaduexit
1014 2387 1245 2443 virginem.

140 2461 402 2505 Adolescens
425 2459 606 2514 quidam
638 2461 750 2499 ciuis
781 2461 913 2499 huius
943 2460 1119 2500 Atticus·

137 2540 246 2579 Eam
279 2537 394 2577 vidit
421 2536 480 2573 ire
516 2549 538 2574 e
568 2534 668 2574 ludo
699 2533 878 2575 fidicine
910 2534 1106 2575 domurn.

137 2616 290 2656 Amare
321 2611 548 2664 obcoepit:
592 2609 645 2647 ad
674 2611 880 2649 lenonem
910 2607 1101 2653 deuenit,

133 2690 273 2731 Minis
302 2681 477 2742 triginta
506 2684 582 2724 fibi
608 2684 800 2739 puellam
829 2682 1020 2729 destinat,
1057 2690 1062 2693 ’
