1742 2924
181 152 274 202 266
696 165 1167 210 cxsrntmtnun

176 283 262 322 AL.
294 277 444 319 Redde
470 277 582 316 mihi
611 277 741 318 illam.
778 280 875 320 ME.
907 280 1023 320 Inter
1046 295 1207 323 nouam
1239 278 1329 325 rein
1356 288 1540 328 verbum
1568 288 1686 330 vsur-

1078 358 1190 412 pabo
1226 371 1366 401 vetum

174 430 306 486 Quod
339 429 465 476 dedi,
511 428 659 468 datum
702 441 794 468 non
835 429 1014 471 vellem:
1066 434 1184 487 quod
1221 436 1436 492 reliquom
1468 436 1548 485 est,
1588 452 1690 479 non·

134 508 137 509 ⁷
1072 511 1196 551 (1350.
1518 514 1529 522 ”
1623 528 1677 563 3ο

166 589 251 630 AL·
277 586 379 625 Non
400 583 618 624 remissura
649 598 692 624 es
716 584 827 622 mihi
848 585 998 626 illam?
1025 587 1121 627 ME.
1148 588 1230 626 Pro
1250 600 1321 626 me
1341 585 1560 641 responsas
1577 589 1674 630 tibi.

135 690 138 691 ν
165 667 251 705 Ar.
278 661 379 701 Nou
408 659 635 700 remittes?
679 662 775 699 ME.
800 659 892 699 Scis
919 661 1006 700 iam
1028 662 1194 702 dudum
1222 675 1398 702 ornnem
1420 668 1562 703 meam
1583 661 1674 705 [en-

452 789 456 791 >
892 732 912 737 ⁴
1065 739 1261 776 tentiam.
1279 765 1287 777 ,

162 817 249 855 AL.
271 812 403 852 Satin'
427 810 507 849 tibi
534 807 625 848 istic
649 811 696 848 in
727 809 857 850 corde
878 819 1045 850 certum
1065 810 1151 852 est?
1183 815 1280 853 ME.
1304 814 1426 868 Quin
1450 830 1530 872 ego
1558 829 1674 857 com-

1062 897 1234 927 mentor
1262 890 1463 943 quidem:

159 968 260 1008 Non
296 966 451 1020 edepol
486 963 611 1004 istaec
638 974 707 1003 tua
739 962 851 1004 dicta
879 977 999 1004 nunc
1025 965 1071 1002 in
1100 977 1221 1004 aures
1242 968 1427 1021 recipio.
1488 986 1494 997 x

157 1048 243 1086 AL·
266 1040 400 1081 Non?
429 1041 545 1086 hern,
579 1039 685 1093 quid
709 1038 828 1094 agis?
875 1042 973 1080 ME,
1000 1042 1135 1096 Igitur
1167 1040 1363 1080 animum
1389 1040 1582 1087 athone,
1606 1048 1668 1085 vt,

1060 1116 1166 1171 quid
1194 1110 1312 1170 agas,
1338 1113 1458 1156 scias.
1612 1128 1666 1166 35

139 1199 242 1242 ,AL
264 1194 317 1232 At
338 1194 395 1230 ita
419 1204 489 1230 me
509 1190 555 1229 di
585 1190 790 1245 deaeque,
814 1189 955 1244 superi
981 1201 1110 1245 atque
1135 1190 1281 1238 inferi,
1310 1203 1354 1233 et
1378 1190 1674 1236 medicinam,-

148 1271 299 1325 ltaque
327 1282 398 1307 me
430 1268 535 1306 Iuno
567 1266 717 1318 regina
747 1273 789 1303 et
818 1265 929 1305 Iovis
963 1265 1151 1320 supremi
1182 1266 1284 1312 fllia,

147 1348 302 1401 ltaque
333 1356 405 1381 me
435 1341 642 1380 Saturnus
674 1351 853 1394 patruus
881 1341 974 1379 eius
1002 1365 1058 1371 -—
1089 1344 1185 1382 ΜΕ.
1217 1341 1391 1381 Ecastor
1413 1350 1548 1394 pater.
1599 1376 1603 1378 ,

147 1406 234 1464 A'L.
252 1407 414 1472 'Itaque
443 1430 514 1455 me
537 1415 626 1471 Ops
650 1417 857 1470 opulenta
887 1416 1004 1456 illius
1033 1418 1128 1456 auia
1150 1441 1206 1447 -
1225 1419 1322 1458 ME.
1349 1417 1489 1456 immo
1523 1425 1660 1455 mater

1051 1493 1246 1547 quidem.

145 1577 232 1618 AL·
256 1573 368 1612 Iuno
396 1569 482 1608 filia
509 1578 551 1609 et
566 1569 773 1609 Saturnus
799 1579 991 1622 patruus,
1024 1580 1067 1610 et
1092 1568 1287 1610 summus
1306 1568 1468 1622 Iupiter
1486 1589 1545 1597 -
1598 1580 1657 1618 4ο

142 1651 213 1690 Tu
245 1661 316 1687 me
339 1646 524 1685 delenis:
555 1655 730 1700 propter
753 1654 795 1683 te
821 1645 927 1684 haec
951 1658 1099 1700 pecco.
1146 1646 1244 1690 ME.
1269 1644 1407 1698 Perge
1440 1642 1595 1682 dicere.

143 1731 230 1769 AL.
263 1725 386 1764 Anne
417 1729 467 1760 vt
504 1722 634 1760 etiam
670 1721 776 1776 quid
811 1721 1054 1761 consultura
1087 1722 1136 1760 fis
1172 1718 1337 1759 sciam?
1385 1719 1482 1758 Mn.
1519 1716 1654 1771 Perge

1046 1796 1208 1852 eloqui,

136 1867 242 1918 Nori
270 1872 512 1914 remittam:
547 1868 773 1909 definitum
797 1868 864 1909 est.
912 1875 995 1912 AL.
1017 1872 1268 1918 Enimvero,
1297 1870 1357 1909 ita'
1377 1880 1449 1907 me
1469 1867 1651 1922 Iupiter,

135 1954 287 2006 Itaque
316 1961 386 1987 me
416 1948 524 1985 Iuno
557 1955 600 1984 et
634 1939 862 1993 Saturnus;
905 1947 978 1990 ita,
1015 1947 1122 2002 quid
1149 1946 1305 1989 dicam,
1334 1942 1495 1983 nescio.

103 2069 106 2072 ,
132 2029 222 2069 Iam
252 2023 363 2064 scio:
393 2022 545 2064 immo,
565 2020 732 2066 mulier,
752 2020 867 2067 audi,
893 2034 1032 2061 meam
1056 2032 1103 2062 vt
1124 2021 1228 2061 scias
1249 2019 1531 2061 sententiam:
1587 2030 1643 2069 45

129 2104 192 2144 Di
219 2114 290 2140 me
323 2108 474 2138 omnes
504 2095 652 2150 magni
681 2095 928 2151 minutique
960 2106 1003 2136 et
1032 2097 1243 2152 patellarii

129 2176 312 2220 Faxint‘‚
346 2185 402 2212 ne
433 2183 511 2226 ego
540 2169 796 2211 demviuos
826 2170 992 2212 sanium
1022 2173 1201 2227 Silenio,

127 2254 221 2295 Nifi
252 2263 332 2304 ego
364 2257 494 2302 teque
508 2256 731 2301 tuamque
774 2245 908 2287 filiam
943 2260 1100 2302 meque
1132 2246 1265 2288 hodie
1303 2247 1636 2294 obtruncauero,

126 2329 276 2373 Postea
305 2335 451 2364 autem
478 2333 578 2378 cum
603 2322 744 2375 primo
770 2322 860 2361 luci
891 2335 980 2362 cras
1008 2323 1086 2362 nifi
1111 2325 1239 2363 ambo
1259 2322 1479 2368 obcidero,
1617 2376 1626 2380 s

124 2405 184 2446 Et
223 2401 443 2458 equidem,
474 2396 629 2441 hercle,
661 2397 737 2434 nifi
766 2397 925 2449 pedatu
955 2398 1082 2438 tertio
1116 2398 1259 2438 omnis
1288 2397 1493 2446 efflixero‚
1584 2413 1638 2451 50

123 2479 214 2521 Nili
245 2488 294 2518 tu
322 2477 441 2515 illam
467 2471 651 2511 remittis
680 2471 734 2509 ad
764 2484 848 2511 me.
881 2472 972 2512 dixi
1000 2485 1109 2527 quae
1139 2474 1271 2512 volui.
1303 2473 1411 2513 vale.
1634 2474 1637 2475 ⁷

127 2556 226 2597 ME.
256 2551 373 2591 Abiit
402 2550 518 2590 iutro
549 2547 692 2585 iratus.
721 2547 830 2601 quid
858 2559 938 2601 ego
970 2559 1089 2586 nunc
1117 2546 1270 2602 agam?
1300 2547 1326 2586 fi
1356 2547 1536 2589 redierit

124 2631 199 2672 Illa
234 2627 286 2666 ad
313 2627 447 2671 hunc,
483 2621 646 2662 ibidem
675 2622 761 2662 loci
787 2605 854 2661 res
885 2622 980 2662 erit.
1013 2622 1090 2662 vbi
1113 2621 1268 2662 ‘odium
1297 2609 1572 2678 obcoeperi'ts

125 2706 250 2747 Illam
286 2699 496 2746 extrudet,
520 2711 656 2754 quum
673 2697 786 2738 hanc
814 2710 991 2738 vxorem
1016 2697 1244 2737 Lemniam
1271 2687 1400 2739 ducet
1428 2686 1632 2740 denium:
1703 2708 1740 2763 *r
