1742 2924
192 98 326 177 700*
830 128 1063 169 PERSAR

188 242 289 287 Hoc
322 241 446 292 vide,
493 252 604 297 quae
644 239 752 280 haec
790 237 936 279 fabula
977 236 1063 278 est‘?
1108 238 1183 293 pol
1209 238 1284 279 hic
1311 241 1488 295 quidem
1519 253 1694 299 potant·

1015 313 1246 368 adgrediar.
1280 329 1305 357 o
1332 318 1446 359 bone
1477 320 1545 359 vir

189 393 386 441 Salueto,
425 401 468 436 et
503 401 551 432 tu
586 391 702 431 bona
730 389 893 432 liberta.
957 390 1030 429 To.
1062 389 1273 432 Dordalus
1309 393 1383 432 hic
1412 393 1591 448 quidem
1622 393 1691 434 est.

1015 466 1092 507 SA.
1122 466 1241 520 Quin
1274 467 1375 507 iube
1405 468 1534 509 adire.
1706 515 1714 519 ,

191 544 264 588 To.
295 543 399 589 Adi,
438 541 466 581 fi
497 541 615 582 libet.
648 541 783 596 agite,
814 539 1137 593 adplaudamus.
1180 542 1387 590 Dorda1e,
1427 544 1559 584 homo
1587 542 1692 598 lepi-
1721 523 1723 526 ⁴

1013 615 1217 662 dfflmne,
1245 617 1372 659 salue.

184 695 328 736 Locus
353 694 426 734 hic
449 701 554 736 tuus
582 689 651 737 est,
679 691 768 733 huc
791 690 1019 733 adcumbe.
1051 692 1160 734 ferte
1184 707 1336 749 aquam
1361 694 1557 749 pedibus,
1573 706 1691 749 prae-

1010 769 1107 809 ben
1133 779 1179 810 tu
1208 770 1367 824 puere?

184 851 278 894 Do.
286 851 454 908 (Paeg
457 849 548 902 nio)
583 846 650 887 Ne
673 847 722 889 fis
749 861 820 887 me
845 858 935 886 vno
968 845 1105 900 digito
1132 845 1347 901 adtigeris,
1375 859 1433 886 ne
1460 855 1502 885 te
1526 843 1579 883 ad
1610 852 1689 882 ter-

1010 935 1116 966 ram,
1143 921 1292 967 scelus,
1325 920 1540 975 adfligam.
1644 932 1687 966 ις

181 1001 300 1040 Pas.
330 999 383 1038 At
404 998 485 1038 tibi
505 1010 584 1052 ego
607 998 692 1037 hoc
710 997 922 1058 continuo
947 999 1103 1050 cyatho
1123 1001 1300 1040 oculum
1321 997 1533 1038 excuti‘am
1554 1005 1692 1050 tuum.

183 1077 278 1121 Do.
311 1074 508 1130 (Toxilo)
548 1073 668 1128 Quid
703 1074 777 1120 ais,
815 1086 931 1122 crux,
963 1072 1230 1115 stimulorum
1263 1073 1419 1115 tritor?
1471 1068 1691 1128 quomodo

1011 1161 1082 1189 me
1113 1149 1246 1190 hodie
1274 1143 1514 1190 vorsauiffi!

182 1228 238 1269 Vt
268 1239 339 1267 me
371 1226 417 1266 in
456 1226 584 1267 tricas
612 1223 857 1269 coniecistH
897 1224 1119 1283 quomodo
1154 1226 1207 1265 de
1242 1224 1364 1267 Persa
1397 1236 1550 1271 manus
1582 1221 1693 1262 mihi

1011 1299 1192 1344 adita'st!

187 1375 260 1418 To.
293 1375 488 1430 Iurgium
517 1374 625 1419 hinc
661 1371 849 1424 auferas,
897 1373 924 1412 fi
957 1373 1107 1429 sapias,
1168 1374 1257 1414 Do.
1288 1376 1342 1415 At
1371 1375 1484 1414 bona
1520 1374 1689 1419 liberta,

508 1436 513 1438 ’
1009 1452 1116 1496 haec
1148 1449 1318 1497 sciuisti,
1452 1436 1459 1446 “

181 1530 238 1575 Et
266 1543 337 1574 me
367 1526 590 1574 celauisti‘3
648 1526 732 1573 LE,
765 1525 1016 1574 Stultitia'st,
1045 1526 1151 1580 quoi
1180 1527 1293 1571 bene
1325 1525 1403 1566 effe
1435 1525 1551 1571 licet,
1587 1535 1689 1564 eum

1010 1601 1227 1655 praeuerti
1640 1614 1689 1640 ιο

179 1679 366 1725 Litibus.
407 1676 618 1739 posterius
655 1675 780 1721 istaec
816 1686 860 1724 te
898 1656 1038 1732 megis
1078 1690 1154 1737 par
1191 1676 1370 1732 agere'st.
1427 1675 1516 1717 Do.
1548 1675 1690 1717 Vrit'ur

1011 1765 1084 1793 cor
1109 1753 1235 1792 mihi.

185 1832 258 1875 To,
290 1830 356 1868 Da
386 1828 451 1873 illi
478 1827 753 1871 cantharum:
789 1824 1006 1881 exstingue
1036 1828 1194 1883 ignem,
1225 1827 1253 1867 fi
1278 1823 1352 1868 coir
1381 1827 1532 1873 vritur,
1561 1837 1690 1882 caput

664 1907 667 1911 '
986 1891 1063 1943 ⁸1ie
1098 1902 1299 1957 ardescat.

179 1980 272 2031 Db.
303 1980 450 2028 Ludos
483 1995 554 2023 me
582 1979 738 2027 facitis,
767 1980 986 2042 intellego.
1046 1979 1083 2017 T
1079 1992 1122 2019 o.·
1142 1979 1237 2019 Vin'
1260 1978 1490 2018 cinaedum
1524 1971 1689 2021 noubm

1008 2055 1091 2095 tibi
1117 2054 1234 2099 dari,
1267 2054 1539 2108 Paegnium?

180 2135 305 2189 Quin
335 2131 483 2178 elude,
516 2141 566 2171 vt
601 2130 731 2179 soles,
773 2131 953 2187 quando.
978 2131 1087 2172 liber
1114 2112 1373 2171 locusshic·

178 2211 292 2257 Hui,
322 2205 475 2248 babae!
506 2206 675 2248 basilice
704 2217 745 2247 te
775 2206 954 2252 intulisti
983 2214 1027 2246 et
1054 2199 1205 2246 facete.
1235 2210 1242 2215 ’”
1639 2219 1687 2257 ²5

176 2287 295 2330 ΡΑΕ
323 2286 460 2323 Decet
488 2295 560 2326 me
593 2281 781 2327 facetum
812 2282 910 2327 effe:
954 2293 997 2323 et
1025 2282 1144 2323 hunc
1172 2278 1361 2320 inridere

157 2362 405 2404 ,Lenonem
431 2357 582 2405 lubido
586 2355 630 2395 ²st
657 2358 832 2412 quando
865 2356 1060 2413 dignuffist

185 2435 256 2474 To.
287 2434 425 2487 Perge
459 2443 507 2474 vt
537 2445 752 2485 coeperas.
787 2433 929 2474 ’.ΡΑΕ
962 2431 1073 2479 Ηόε,
1103 2433 1219 2477 leno,
1250 2432 1346 2473 tibi.

178 2510 270 2550 Do.
305 2507 447 2554 Perii,
476 2508 664 2563 perculit
693 2521 764 2547 me
789 2520 938 2568 prope.
995 2507 1112 2548 ΡΛΕ.
1143 2507 1281 2552 Hem,
1309 2505 1427 2547 serua
1453 2505 1631 2548 rursum.

180 2586 274 2626 Do.
306 2583 505 2635 (Toxilo)
536 2583 707 2623 Delude
734 2592 782 2622 vt
809 2583 943 2628 lubet,
970 2582 1100 2623 herus
1131 2578 1237 2622 dum
1263 2583 1369 2623 hinc
1395 2581 1520 2624 abest.
1637 2595 1688 2632 30

177 2661 297 2708 ΓΑΕ.
333 2660 500 2707 Viden',
531 2668 580 2701 vt
608 2659 692 2700 tuis
723 2659 853 2702 dictis
880 2656 1044 2714 pareo?
