1742 2924
187 161 282 204 224
796 161 1060 197 casuue

180 268 395 317 Poffisne‚
426 282 587 316 necne,
623 270 731 309 clam
758 281 831 308 me
841 281 858 318 ,’
883 268 1026 321 sutelis
1053 271 1141 312 tuis

179 347 422 401 Praeripere
456 346 648 401 Caspiani
677 358 876 391 onrem,
899 346 1096 401 proinde
1128 357 1177 387 vt
1204 345 1402 402 postulas.

189 423 272 464 OL.
298 422 415 476 Quid
444 421 526 465 tibi
552 422 700 476 negoti
727 434 898 461 mecum
928 420 1015 473 est?
1069 423 1155 464 Cu,
1184 422 1304 478 Quid
1335 424 1397 464 ais
1430 422 1694 479 inpudens&
1741 446 1742 479 2

181 498 301 553 Quid
327 499 374 536 in
404 498 508 536 vrbe
536 505 675 551 reptas
701 497 881 537 villice?
913 498 985 539 hie
1011 499 1160 553 magni
1187 495 1338 554 pretii!
1629 516 1684 546 10
1741 495 1742 498 ¹

187 575 272 616 01„
306 574 446 613 Libet.
508 573 594 614 CH.
626 573 745 626 Quin
773 573 864 612 ruri
894 585 939 613 es
969 574 1015 612 in
1043 572 1306 627 praefectura
1332 573 1437 615 tua?

181 651 302 705 Quin
326 650 497 703 potius,
533 648 651 703 quod
678 649 867 702 legatum
898 647 955 687 est
980 649 1061 689 tibi
1086 651 1327 705 negotium,

147 771 153 785 ι
179 726 230 766 Id
259 738 404 770 curas,
437 735 566 779 atque
592 723 771 763 vrbanis
800 724 926 764 rebus
953 734 996 763 te
1030 724 1253 779 abstines?

181 802 282 842 Huc
309 799 463 841 venisti
493 798 688 854 sponsam
720 809 994 854 praereptum
1022 800 1196 841 meam?

178 879 262 920 Abi
293 891 386 922 rus,
427 874 497 914 abi
525 875 737 915 dierectus
769 884 889 914 tuam
918 872 965 913 in
993 875 1281 930 prouinciam.
1512 872 1513 875 ¹
1631 897 1690 935 15

189 955 272 996 01„
311 952 515 997 Chaline‚
545 963 636 989 non
663 949 756 990 sum
787 963 868 1005 ego
901 950 1061 991 oblitus
1089 947 1284 992 officium
1314 963 1477 993 meum.

177 1027 392 1074 Praefeci‚
422 1041 521 1066 rure
551 1037 666 1067 recte
694 1028 771 1081 qui
806 1034 926 1066 curet
956 1033 1116 1065 tamen.
1197 1070 1199 1075 f

175 1105 295 1159 Ego,
329 1105 418 1143 huc
449 1102 566 1157 quod
595 1104 699 1142 veni
735 1104 782 1140 in
811 1102 987 1149 vrbem,
1020 1101 1098 1140 vbi
1127 1102 1415 1156 inpetrauero‚

176 1181 362 1220 onrem
395 1189 443 1218 vt
471 1177 600 1217 istanc
630 1177 808 1222 ducam,
840 1190 971 1232 quam
1001 1185 1050 1215 tu
1080 1176 1263 1232 deperis,
1329 1225 1340 1242 ο

175 1254 347 1296 Bellam
376 1265 419 1295 et
447 1253 649 1293 tenellam
663 1252 898 1314 ,ἓξὲξ-ιφ,
929 1250 1180 1293 conseruam
1209 1250 1361 1291 tuam:¹
1629 1267 1684 1297 20

177 1330 366 1385 Quando
401 1341 480 1383 ego
510 1341 606 1367 eam
631 1340 806 1386 mecum
838 1341 912 1366 rus
943 1340 1121 1367 vxor-em
1149 1327 1380 1371 abduxero,

173 1406 294 1446 Rure
324 1404 540 1444 incubabo
577 1417 715 1459 vsque
745 1405 789 1442 in
819 1401 1088 1457 praefectura
1118 1415 1227 1442 mea.

181 1482 268 1524 CH.
299 1480 563 1519 Tun'·illam
593 1478 756 1518 ducas?
786 1479 928 1519 hercle
959 1490 1030 1516 me
1063 1476 1309 1532 suspendio,

175 1557 319 1611 Quam
352 1564 399 1594 tu
425 1556 519 1593 eius
546 1554 688 1607 potior
722 1553 820 1600 fias,
838 1599 840 1608 Ι
861 1552 991 1592 satius
1018 1552 1076 1593 est
1102 1562 1338 1596 mortuum.

182 1633 266 1674 012.
298 1631 397 1670 Mea
423 1629 581 1685 praeda
604 1627 659 1668 est
686 1629 781 1667 illa:
812 1630 950 1683 proin'
969 1637 1016 1669 tu
1048 1639 1090 1668 te
1117 1629 1161 1668 in
1192 1612 1397 1683 laqueum
1425 1630 1591 1689 induas.
1626 1649 1679 1687 23

182 1709 269 1750 Cn.
298 1707 362 1746 Ex
393 1705 662 1759 sterquilinio
692 1702 856 1749 est'offe,
889 1715 961 1744 tua
990 1705 1114 1743 illaec
1139 1703 1293 1757 praeda
1329 1704 1408 1745 fit?

184 1785 270 1825 01„
298 1783 416 1822 Scies
443 1781 527 1821 hoc
553 1781 611 1818 ita
641 1779 742 1819 effe:
772 1794 850 1820 vae
881 1777 982 1819 tibi!
1013 1789 1122 1833 quot
1154 1787 1197 1817 te
1224 1779 1380 1825 modis,

176 1859 223 1898 Si
251 1859 383 1903 viuo,
415 1856 584 1896 habebo
614 1858 660 1894 in
695 1857 864 1909 nuptiis
899 1853 1104 1894 miserum
1133 1853 1276 1894 meis?

181 1934 270 1976 CH.
304 1931 425 1987 Quid
458 1940 506 1971 tu
537 1931 648 1969 mihi
683 1929 849 1969 facies?
900 1931 983 1970 01..
1015 1930 1163 1984 Egone
1193 1928 1299 1983 quid
1323 1926 1479 1969 faciam
1509 1930 1623 1973 tibi?

172 2010 373 2052 Primum
406 2007 605 2047 omnium
635 2005 740 2044 huic
771 2006 935 2045 lucebis
966 2018 1106 2044 nouae
1138 2014 1308 2059 nuptae*
1330 2003 1484 2052 facem,
1624 2022 1678 2059 30

108 2081 112 2085 ’
171 2084 271 2127 Post
309 2084 379 2122 illa
408 2090 457 2121 vt
486 2081 651 2133 semper
681 2080 1115 2135 inprobusnihilque
1142 2080 1207 2119 fis.'

171 2160 271 2204 Post
299 2158 345 2198 id
373 2158 589 2200 locorum,
630 2154 802 2209 quando
831 2156 884 2195 ad
914 2157 1062 2195 villam
1096 2155 1279 2200 veneris,

171 2235 359 2276 Dabitur
388 2231 470 2270 tibi
500 2229 703 2282 amphora
733 2244 841 2275 vna,
885 2242 927 2272 et
952 2244 1036 2271 vna
1064 2229 1226 2275 semita,

112 2311 120 2314 ”
170 2311 289 2351 Fons
317 2319 450 2352 Vnus,
481 2318 619 2344 vnum
648 2306 860 2353 ahenum,
894 2317 936 2347 et
966 2317 1064 2346 octo
1097 2305 1234 2345 dolia:

174 2385 300 2438 Quae
327 2383 404 2421 nisi
432 2390 556 2420 erunt
586 2378 753 2434 semper
782 2382 930 2436 plena,
970 2394 1052 2435 ego
1080 2390 1121 2420 te
1151 2378 1326 2433 inplebo
1355 2377 1511 2434 flagris.
1621 2395 1674 2434 35

170 2461 237 2500 lta
268 2469 311 2498 te
341 2456 585 2512 adgerunda
616 2468 799 2495 curuum
829 2470 938 2512 aqua
974 2454 1130 2497 faciam
1159 2453 1305 2508 probe,

171 2535 228 2574 Vt
255 2530 463 2586 postilena
494 2528 619 2584 possit
648 2545 696 2571 ex
730 2541 769 2570 te
803 2530 910 2571 fieri.

172 2607 271 2650 Post
299 2618 469 2654 autem,
508 2608 596 2646 ruri
625 2607 700 2645 nisi
739 2615 787 2645 tu
817 2619 1020 2647 aceruum
1049 2605 1199 2651 ederis,

173 2684 286 2732 Aut,
313 2683 428 2739 quasi
452 2682 712 2728 lumbricus,
748 2692 922 2730 terram,
963 2680 1082 2736 quod
1112 2690 1154 2721 te
1178 2679 1364 2735 postules
