1742 2924
223 170 325 232 '4³10
705 188 1250 227 mzuAncuMonm

222 295 371 349 Quam
398 297 535 351 magis
564 296 788 344 extendas,
824 306 944 338 tanto
974 298 1439 355 adstringunt-arctius.

218 371 335 411 Nam
362 384 441 426 ego
470 370 522 410 ad
552 371 889 413 Menaechmum
915 387 1057 421 nunc,
1088 387 1139 415 eo
1171 389 1255 429 quo
1287 372 1374 415 iam
1402 376 1478 417 diu
1668 379 1723 418 Υ’πο

214 446 336 487 διιῐη
356 447 595 501 iudicatus?
630 449 742 488 vltro
775 462 849 494 eo,
889 459 936 490 vt
963 461 1034 490 me
1064 452 1242 490 vinciat.
1613 449 1619 451 ⁴

211 520 331 562 Nam
365 523 454 564 illic
477 524 610 564 homo
643 525 844 564 homines
876 508 966 564 non
997 526 1084 571 alit,
1114 539 1265 565 verum
1294 526 1448 567 educat

212 595 504 655 Recreatque:
535 599 678 639 nullus
708 600 866 638 melius
899 601 1157 641 medicinam
1189 601 1306 642 facit.

211 674 279 714 Ita
311 673 367 713 est
391 673 637 715 adolescens
674 674 788 729 ipsus
819 676 934 716 escae
964 690 1213 717 maxumae:

211 748 430 789 Cerealeis
463 763 618 790 coenas
647 750 743 795 dat,
778 753 835 790 ita
863 751 1028 791 mensas
1065 751 1262 793 exstruit:
1669 768 1715 804 ²5

211 824 374 866 Tantas
404 825 580 867 struices
612 824 847 867 concinnat
882 828 1137 882 patinarias;

210 902 424 943 Standum
459 902 514 942 est
540 904 586 941 in
616 904 751 948 lecto,
795 904 820 941 fi
852 902 959 956 quid
989 902 1042 942 de
1071 903 1239 943 summo
1267 912 1401 958 petas.

208 977 299 1017 Sed
330 978 440 1017 mihi
471 979 745 1019 interuallum
777 979 861 1017 iam
892 979 973 1018 hos
1005 978 1096 1017 dies
1124 978 1279 1019 multos
1308 977 1414 1018 fuit:

206 1054 343 1094 Domi
369 1053 559 1094 domitus
588 1052 655 1093 fui
682 1067 819 1110 vsque
848 1067 948 1093 cum
977 1055 1083 1093 caris
1108 1055 1232 1093 meis.

206 1131 321 1171 Nam
349 1144 491 1185 neque
524 1131 604 1170 edo
634 1143 777 1183 neque
811 1141 933 1175 emo,
972 1130 1050 1168 nifi
1082 1128 1201 1184 quod
1231 1128 1288 1168 est
1314 1125 1599 1169 cariffurnum.
1659 1126 1712 1175 '30

204 1205 258 1247 Jd
284 1219 458 1261 quoque
490 1207 575 1245 iam
603 1207 716 1252 cari,
755 1203 830 1260 qui
860 1203 1139 1250 instruuntur,
1170 1203 1381 1245 deserunt.

204 1282 337 1322 Nunc
366 1280 418 1320 ad
448 1295 547 1321 eum
575 1281 729 1321 inuiso.
762 1279 834 1320 sed
864 1282 1055 1334 aperitur
1081 1280 1247 1320 ostium.

203 1356 545 1398 Menaechmum
574 1370 726 1398 eccum
759 1354 899 1411 ipsum
928 1354 1073 1401 video,
1104 1356 1373 1410 progreditur
1401 1355 1527 1397 foras.

510 1489 811 1529 ACTVS
867 1490 900 1529 Ι.
972 1487 1273 1528 SCENA
1329 1488 1390 1528 11.

592 1588 973 1629 MEMAECHMVS‚
1018 1590 1322 1622 PENIGVLVS.

195 1662 352 1729 (vxori
380 1675 547 1726 exiens)
598 1672 658 1712 Ni
694 1673 827 1719 mala,
867 1675 915 1713 ni
954 1674 1078 1715 stulta
1114 1676 1184 1720 fis,
1221 1677 1269 1714 ni
1308 1673 1522 1714 indomita
1555 1676 1700 1731 inpos-

1075 1757 1160 1798 que
1195 1746 1345 1791 animi,

192 1821 327 1876 Quod
358 1823 451 1861 viro
484 1817 563 1860 effe
593 1818 695 1858 odio
726 1818 899 1865 videas,
930 1828 1023 1858 tute
1056 1820 1136 1859 tibi
1169 1819 1271 1859 odio
1303 1820 1473 1859 habeas.

188 1897 365 1937 Praeter
395 1896 478 1934 hac
505 1895 529 1931 fi
561 1894 672 1932 mihi
703 1894 786 1933 tale
814 1893 904 1949 post
931 1895 1052 1934 hunc
1081 1893 1198 1933 diem

186 1972 336 2018 faxis,
368 1971 464 2009 faxo
496 1967 599 2008 foris
630 1968 762 2009 vidua
795 1951 904 2008 visas
938 1978 1116 2022 patrem.

186 2048 301 2088 Nam
331 2045 499 2100 quoties
525 2042 638 2084 foras
667 2046 727 2084 ire
753 2046 879 2090 volo,
909 2057 982 2083 me
1006 2046 1191 2092 retines,
1225 2059 1426 2096 reuocas;
1668 2067 1689 2102 5

182 2122 364 2177 Rogitas
396 2133 481 2174 quo
507 2131 585 2174 ego
617 2133 727 2165 eam,
759 2132 888 2174 quam
922 2132 1013 2158 rem
1047 2133 1183 2174 agam,
1211 2121 1315 2175 quid
1341 2126 1507 2179 negotii
1531 2139 1690 2182 geram,

184 2197 308 2253 Quid
334 2205 502 2251 petam,
532 2195 641 2250 quid
671 2195 827 2240 feram,
877 2194 983 2249 quid
1009 2192 1112 2234 foris
1142 2197 1316 2250 egerim.

180 2274 443 2316 Portitorem
475 2270 656 2310 domum
688 2270 806 2310 duxi.
839 2271 896 2309 ita
931 2282 1107 2310 omnem
1135 2271 1246 2310 mihi

178 2350 293 2390 Rem
317 2344 479 2387 neceffe
514 2347 638 2401 loqui
671 2344 747 2391 est,
781 2344 996 2400 quidquid
1027 2347 1095 2400 egi
1127 2355 1253 2401 atque
1280 2358 1373 2400 ago.

177 2424 383 2466 Nimium
414 2434 494 2476 ego
525 2431 567 2461 te
596 2421 729 2461 habui
757 2420 999 2460 delicatam.
1192 2406 1197 2408 ‚
1634 2438 1684 2465 10
1722 2463 1725 2467 Ὺ

175 2501 310 2542 Nunc
350 2497 483 2543 adeo,
525 2505 575 2535 vt
604 2495 819 2543 facturus,
855 2479 1010 2536 dicam.
1052 2494 1225 2549 quando
1261 2508 1340 2551 ego
1377 2496 1460 2536 tibi
1494 2499 1682 2547 ancillae,
1721 2479 1724 2483 .

948 2580 955 2601 x
1054 2576 1233 2619 penum,
1524 2571 1531 2579 ⁸

174 2645 355 2692 Lanam,
387 2654 557 2688 aurum,
585 2639 758 2689 vestem,
797 2653 1034 2696 purpuram
1064 2641 1175 2680 bene
1205 2641 1414 2695 praebeo,
1449 2656 1532 2686 nec
1562 2642 1682 2700 quid-

1055 2722 1185 2765 quam
1214 2723 1340 2766 egesz
