1742 2924
213 141 303 191 352
735 144 1145 184 ‘Baccmnvm

208 253 286 297 Vel
315 249 367 294 da
397 252 597 308 aliquem,
631 252 708 308 qui
736 266 807 294 me
836 253 988 296 seruet.
1050 256 1130 297 Νι.
1168 257 1278 304 ohe,
1312 255 1456 302 odiose
1480 257 1601 304 facis.

210 331 298 373 GH.
326 330 459 376 Cedo,
489 328 517 367 fi
547 330 710 370 neceffe
744 329 814 371 est.
873 331 955 371 Νι
988 329 1100 372 Cura
1123 333 1220 373 hoc.
1254 332 1341 374 iam
1371 348 1449 393 ego
1478 338 1566 380 huc
1594 349 1713 381 reue

1085 412 1207 441 nero.
1237 402 1363 457 (abac)

210 475 296 519 Cn.
331 475 538 517 Curatum
569 470 639 524 est,
669 473 749 516 effe
778 481 820 516 te
852 472 998 516 senem
1029 472 1354 519 miserrumum.

207 554 306 594 Hoc
336 552 393 592 est
426 553 599 606 incepta
626 547 791 591 efficere
822 552 983 606 pulcre,
1015 553 1152 592 veluti
1177 554 1290 592 mihi
1448 600 1458 603 V
1634 568 1709 610 145

202 630 387 677 Euenit,
421 636 470 667 vt
503 641 638 668 ouans
664 627 821 683 praeda
853 626 1027 668 onustus
1054 624 1317 669 incederem.

202 706 350 747 Salute
382 687 519 746 nost'ra
549 712 676 758 atque
700 704 810 744 vrbe
838 714 961 759 capta
989 714 1067 759 per
1094 700 1260 752 dolum,

199 783 393 824 Domum
420 778 581 820 reduco
613 778 833 834 integrum
863 791 1042 820 omnem
1071 781 1322 822 exercitum.

202 857 309 904 Sed,
344 854 621 912 spectatores,
650 865 730 896 vos
760 864 880 902 nunc
909 868 965 894 ne
994 848 1232 902 miremini,

203 933 334 988 Quod
358 945 458 991 ‘non
489 928 710 986 triumpho
740 931 1045 986 peruulgatum
1074 929 1159 977 est„
1177 927 1289 971 nihil
1314 942 1474 977 moror.
1631 947 1714 989 150

197 1009 356 1049 Verum
388 1019 534 1048 tamen
565 1006 841 1062 adcipientur·
873 1001 1012 1048 mulso
1041 1005 1218 1048 milites.

201 1083 331 1125 Nunc
362 1086 474 1125 hanc
496 1084 698 1137 praedam
727 1094 904 1124 omnem
931 1082 1019 1124 iam
1046 1082 1101 1124 ad
1129 1079 1394 1140 quaestorem
1424 1082 1628 1129 deferam.

542 1284 932 1328 Achs1v.
1003 1255 1262 1331 scfiNA
1315 1268 1399 1332 κ’

742 1395 1167 1430 PHILOXENVS.

250 1498 392 1553 Quam
423 1496 560 1552 magis
591 1496 641 1537 in
665 1507 841 1552 pectore
872 1507 972 1538 meo
1000 1492 1149 1546 foueo,
1183 1507 1285 1553 quas
1314 1508 1437 1539 meus
1469 1496 1583 1540 filius
1621 1503 1708 1540 tur-

1072 1565 1148 1609 bas
1179 1568 1339 1615 turbet,

194 1643 339 1699 Quam
371 1643 413 1700 se
444 1641 498 1683 ad
537 1642 688 1690 vitam,
726 1650 769 1682 et
804 1632 916 1700 quos
953 1638 1007 1682 ad
1036 1655 1178 1684 mores
1208 1643 1492 1699 praecipitem
1524 1639 1707 1685 inscitus

1078 1714 1271 1769 capeffat,

190 1788 333 1848 Magis
362 1804 489 1832 curae
518 1787 589 1837 est,
612 1788 838 1846 magisque
861 1784 1122 1836 adformido,
1151 1799 1208 1829 ne
1238 1788 1275 1829 is
1300 1792 1461 1845 pereat,
1484 1799 1573 1829 neu
1605 1800 1704 1830 con-

1075 1865 1314 1916 rumpatur.-

191 1937 308 1977 Scio.
332 1946 411 1992 ego
439 1932 503 1976 fui
529 1934 601 1975 illa
625 1943 777 1982 aetate,
800 1945 844 1976 et
873 1929 959 1976 feci
980 1931 1053 1975 ina
1071 1932 1235 1982 omnia,
1263 1930 1333 1974 sed
1351 1945 1475 1976 more
1497 1933 1702 1978 modesto.-

189 2012 343 2068 Neque
372 2012 584 2068 placitant
606 2023 772 2059 mores,
824 2010 985 2067 quibus
1013 2008 1149 2052 video
1186 2011 1318 2066 volgo
1352 2009 1494 2066 gnatis
1524 2010 1604 2054 effe
1631 2025 1705 2068 pa·

1071 2088 1228 2121 rentes.
1681 2094 1700 2132 ς

187 2155 322 2203 Duxi,
347 2153 485 2196 habui
515 2152 728 2198 scortum.
761 2152 927 2212 putaui,
961 2154 1047 2200 edi,
1081 2152 1256 2196 donaui.
1293 2160 1337 2194 et
1370 2152 1488 2197 enim
1519 2154 1564 2195 id
1592 2168 1701 2197 raro.
1739 2140 1742 2184 ἶ

187 2231 282 2288 Ego
321 2229 421 2272 dare
460 2244 533 2272 me
568 2231 725 2273 ludum
760 2243 861 2272 meo
907 2241 1038 2287 gnato
1081 2230 1261 2271 institui.
1306 2236 1355 2269 vt
1395 2229 1542 2271 animo
1582 2229 1701 2270 obse
1738 2285 1742 2292 Ι

1073 2298 1229 2356 quium

189 2380 370 2422 Sumere
398 2378 539 2437 ponit,
568 2394 754 2437 aequom
782 2378 869 2422 effe
883 2374 1013 2435 puto.
1043 2374 1116 2416 red
1144 2371 1275 2414 nimis
1301 2372 1404 2414 nolo
1435 2371 1619 2414 desidiae

186 2456 241 2496 Ei
274 2456 374 2496 dare
402 2456 568 2498 ludum.
603 2470 722 2498 nunc
751 2454 1083 2498 Mnefiloehum.
1113 2445 1235 2506 quod
1266 2447 1486 2496 mandaui,
1518 2446 1634 2490 viso:

1737 2252 1742 2283 1

1733 2374 1738 2413 ι’

186 2529 359 2586 Ecquid
402 2545 506 2573 eum
543 2531 599 2572 ad
631 2533 844 2572 virtutem
881 2536 956 2570 aut
987 2528 1041 2569 ad
1079 2526 1250 2582 frugem
1292 2538 1422 2580 opera
1464 2523 1540 2566 sua
1586 2535 1702 2564 com·
1625 2505 1742 2924 m}

1071 2594 1255 2652 pulerit.

187 2675 312 2718 Sicut
340 2690 456 2726 eum,
488 2678 516 2719 fi
549 2676 774 2723 conuenit,
804 2670 894 2715 scio
923 2670 1087 2715 feciss'e.
1122 2683 1175 2712 eo
1205 2667 1263 2710 est
1293 2667 1474 2726 iugenio
1501 2673 1643 2709 natus
