1742 2924
424 146 438 165 ’γ
502 163 761 228 Λοτνὲν.
805 189 986 225 scum
1010 175 1095 226 111.
1443 187 1538 234 217

59 268 359 360 122³me
384 299 462 347 vir
471 299 617 346 home
646 312 706 345 ee,
732 297 957 354 responde,
990 297 1109 352 quod
1134 310 1252 354 rogo.
1308 300 1396 342 CA.
1419 298 1542 354 Roga

943 365 1057 421 quod
1083 367 1216 408 lubet.
1491 386 1544 420 30
1575 376 1582 388 ‘

49 439 142 493 ,nn
159 439 415 486 Pr0mistin',
445 439 473 479 fi
494 436 660 478 liberali
687 437 915 493 quisquam
944 437 1056 477 hanc
1090 436 1298 478 adsereret
1327 446 1482 483 manu!

33 509 119 554 ΠΒ
145 522 275 550 omne
295 517 520 564 argentum
534 507 841 548 redditurum?
867 508 954 548 CA.
967 500 1067 547 Νοιι
1089 510 1371 548 commemini
1389 510 1545 548 dicere.

30 560 148 630 ἐΰν.
181 579 330 634 Quid?
368 579 529 635 negas⁹
583 579 670 620 CA.
699 577 820 633 Nego
849 576 992 616 hercle
1023 589 1142 616 vero.
1182 591 1269 631 quo
1296 576 1546 630 praesente?

532 678 538 684 ,
948 659 1035 700 quo
1067 647 1113 684 in
1140 644 1271 686 loco?

52 714 151 760 Cir.
172 716 247 756 Me
270 715 362 772 ipoe
390 713 606 771 praesente
628 723 672 755 et
701 716 876 766 Lycone
904 716 1125 770 trapezita.
1169 717 1254 757 CA.
1276 715 1377 756 Nou
1404 715 1571 754 ιειεεε9“

54 788 150 830 Cr.
163 782 272 828 Νοιι
282 795 415 827 taceo.
451 786 539 829 CA.
564 785 863 837 (Curculioni)
894 785 1027 826 Non?
1051 800 1129 840 ego
1149 795 1189 824 te
1204 785 1331 826 flocci
1346 784 1551 841 faciol—
1557 834 1562 842 Ι

954 869 1009 894 ne
1037 869 1108 895 me
1135 857 1303 896 territes
1327 853 1406 894 —-!
1501 870 1551 905 35

67 933 148 973 Ta.
181 930 257 971 Me
288 928 380 985 ipso
420 928 637 983 praesente
676 937 718 967 et
753 929 927 979 Lycone
975 926 1139 966 factum
1184 923 1252 965 est.
1317 923 1407 965 Fa.
1445 923 1553 963 Satis

951 995 1080 1036 credo
1114 995 1208 1034 tibi.

37 1070 192 1126 ·Nur¹c
223 1068 344 1115 adeo,
374 1077 425 1107 vt
453 1075 502 1107 tu
530 1065 634 1107 scire
660 1064 803 1120 poffis.
835 1067 969 1109 Leno,
1005 1077 1145 1103 meam
1174 1063 1444 1113 sententiam,

31 1132 216 1180 .'Libera
243 1139 350 1179 haec
381 1136 450 1182 est,
481 1137 553 1176 hic
575 1137 704 1176 huius
733 1135 861 1174 frater
881 1133 950 1179 est,
978 1134 1085 1172 haec
1114 1142 1255 1172 autem
1286 1135 1403 1174 illius
1429 1136 1554 1177 soror.

64 1209 185 1252 Haec
216 1207 331 1248 mihi
363 1206 523 1247 nubet:
565 1214 615 1245 tu
643 1206 750 1246 huic-
785 1211 1007 1258 argentum
1043 1200 1189 1242 redde.
1228 1204 1314 1244 hoc
1343 1204 1558 1246 iudicium

952 1285 1101 1310 meum
1130 1269 1201 1310 est.

73 1346 160 1388 CA'.
192 1345 357 1389 Hercle,
386 1342 503 1385 istam
527 1357 618 1384 rem
643 1341 835 1384 iudicasti
868 1340 1106 1398 perfidiose,
1137 1340 1418 1389 Phaedrome,
1503 1360 1559 1395 40

63 1415 121 1457 Et
147 1415 229 1455 tibi
256 1413 420 1460 oberit;
452 1424 495 1454 et
517 1424 583 1460 te,
609 1415 756 1460 miles,
786 1413 832 1452 di
865 1410 1053 1466 deaeque
1083 1407 1310 1464 perduint!

67 1474 154 1529 ΤΗ.
190 1483 262 1524 Tu
290 1492 436 1524 autem
468 1484 517 1524 in
551 1484 686 1524 neruo
726 1485 813 1524 iam
851 1483 1035 1528 iacebis,
1081 1483 1158 1521 nist
1194 1480 1303 1521 mihi
1314 1465 1561 1538 argentum

955 1552 1163 1594 redditur.

77 1627 164 1673 CA.
192 1626 270 1671 Τιι,
290 1636 366 1666 me
391 1622 577 1679 sequere.
640 1625 722 1666 Tu.
752 1624 852 1679 Quo
883 1625 1033 1680 sequar
1056 1635 1136 1677 ego
1160 1621 1236 1663 te?
1285 1624 1372 1668 CA.
1400 1623 1466 1665 Ad
1485 1635 1563 1667 tra·

957 1694 1147 1748 pezitam
1178 1706 1342 1739 meum,

70 1763 136 1806 Ad
156 1763 415 1803 Praetorem.
448 1773 549 1800 nam
581 1759 683 1800 inde
707 1774 800 1801 rem
827 1759 948 1801 solvo
976 1761 1195 1811 omnibus,
1225 1763 1384 1816 quibus
1410 1762 1561 1806 debeo.

76 1836 159 1876 Tu.
186 1831 281 1888 Ego
311 1840 354 1871 te
381 1827 429 1870 in'
456 1842 652 1876 nervom,
684 1831 802 1872 haud
830 1829 884 1869 ad
908 1825 1155 1870 Praetorem
1183 1830 1289 1868 hinc
1311 1831 1489 1885 rapiam,
1518 1835 1566 1875 ni

964 1909 1188 1953 argentum
1217 1897 1360 1939 refers.
1510 1919 1564 1958 45

81 1972 168 2014 CA.
197 1970 290 2024 Ego
320 1980 363 2009 te
392 1968 672 2007 vehementer
695 1969 835 2021 perire
866 1968 1011 2022 cupio,
1044 1981 1102 2008 ne
1131 1979 1180 2009 tu
1206 1981 1278 2009 me
1305 1967 1482 2010 nescias.

81 2043 163 2083 ΤΗ.
198 2040 314 2079 Itane
342 2037 477 2079 vero?
537 2036 623 2079 CA.
660 2037 723 2076 Ita
748 2035 892 2076 hercle
925 2038 1344 2081 vero.T11.Noui
1374 2053 1452 2098 ego
1488 2042 1567 2085 hos

230 2122 236 2124 ·
967 2122 1135 2163 pugnos
1170 2122 1304 2150 meos.

84 2175 171 2223 CA.
198 2178 319 2235 Quid
340 2160 467 2220 turn?
526 2181 619 2221 ΤΗ.
638 2177 758 2233 Quid
788 2177 916 2219 tum?
943 2178 1132 2233 rogitas?
1170 2179 1290 2220 hisce
1322 2193 1427 2235 ego,
1465 2181 1492 2219 fi
1523 2189 1572 2221 tu

967 2261 1038 2290 me
1066 2250 1330 2294 inritaueris,

77 2316 301 2375 Placidum
327 2317 400 2360 ted
418 2315 550 2358 hodie
572 2316 763 2359 reddam.
815 2317 902 2359 CA.
923 2316 1025 2373 Age,
1047 2330 1163 2372 ergo.
1195 2319 1341 2374 recipe
1366 2328 1572 2361 actutum.

979 2391 1059 2430 ΤΗ.
1094 2390 1232 2430 Licet.

82 2451 175 2497 ΒΗ.
199 2453 271 2493 Tu
302 2455 425 2494 miles
455 2454 572 2507 apud
598 2468 669 2495 me
702 2455 918 2496 coenabis.
947 2456 1079 2497 hodie
1110 2456 1214 2496 fient
1243 2456 1435 2509 nuptiae.
1525 2470 1579 2506 50

93 2520 173 2563 Ἰὶῖ.
194 2521 315 2578 Quae
336 2535 405 2566 res
420 2523 532 2564 bene
555 2535 697 2565 vortat
717 2525 829 2565 mihi
851 2534 894 2565 et
918 2525 1059 2572 vobis,
1086 2524 1356 2582 spectatores,
1371 2522 1574 2578 plaudite.
