1742 2924
1545 61 1566 73 Ν

525 125 691 166 Aci-vs
718 115 778 163 V.
807 101 990 162 ‘serm
1023 114 1087 175 1.ι
1118 98 1120 100 ’
1447 131 1543 176 399

0 247 2 250 ’
63 247 128 287 8ῐ.
156 207 273 295 Fiam
319 232 412 283 ΪΤΗ.
437 237 755 291 Seruorumque
786 247 959 289 operam
989 242 1033 274 et
1059 233 1148 274 lora
1174 233 1285 278 mihi
1314 237 1434 280 cedo,

66 322 129 362 St.
155 318 297 358 Sume.
350 315 435 358 ΤΗ.
458 313 706 367 Eademque
735 324 864 383 ope'ra
894 313 1002 351 haec
1026 307 1106 349 tibi
1138 324 1383 360 narrauero,
1493 327 1546 367 45

62 390 168 451 Quis
194 405 265 432 me
299 386 504 445 exemplis
531 385 663 435 hodie
688 384 762 439 ille
791 384 1032 428 ludificatus
1064 384 1133 427 est.
1270 387 1272 389 ’

374 532 663 574 ACTVS
720 533 768 572 V.
841 524 1134 571 SCENA
1191 531 1223 571 1.

473 633 672 664 'numo
686 653 698 673 ‚
746 629 1131 663 Tussvnommzs.

103 719 203 778 Qui
234 722 366 766 bomo
391 717 571 760 timidus
594 716 673 758 erit
703 715 751 757 in
780 717 910 757 rebus
940 714 1097 762 dubiis,
1125 714 1254 757 nauci
1280 731 1370 758 non
1400 717 1495 760 erit.

60 800 198 855 Atque
222 796 423 855 equidem
454 793 559 856 quid
587 793 633 835 id
663 793 742 835 effe
779 791 918 834 dicam
953 794 1135 833 verbum
1165 791 1309 841 nauci,
1337 793 1495 836 nescio.

1 866 3 870 ¹
61 875 171 915 Nam
193 875 320 914 herus
341 887 411 914 me
433 870 654 926 postquam
672 883 748 910 rus
770 866 895 914 misit,
926 879 972 909 vt
992 866 1131 908 filium
1150 868 1274 911 suum
1297 872 1555 921 arcefferem,

0 986 7 1000 ,
61 946 160 990 Abii
181 946 252 988 illa
277 962 352 1003 per
379 945 653 1004 angiportum
684 944 737 984 ad
772 946 947 985 hortum
984 945 1174 987 nostrum
1205 948 1473 990 clanculum:

4 1005 17 1066 ;Ρ
63 1011 228 1066 ostium
254 1008 375 1079 quod*
398 1021 444 1064 in
468 1022 695 1080 angiportu
722 1020 792 1069 est,
826 1019 939 1062 horti
963 1019 1146 1075 patefeci
1172 1021 1308 1072 fores3
1533 1039 1554 1076 ς

0 1108 3 1113 ’
61 1100 209 1155 anue
240 1096 367 1141 eduxi
397 1113 572 1142 omnem
606 1096 836 1154 legionem,
872 1107 915 1138 et
944 1110 1080 1137 mares
1108 1106 1150 1136 et
1187 1097 1383 1140 feminas.

0 1154 10 1161 .
62 1160 369 1230 Postquam-ex
403 1174 623 1218 obfidione
652 1173 698 1215 in
732 1185 878 1216 tutum
909 1169 1039 1212 eduxi
1073 1172 1326 1229 maniplares
1366 1187 1501 1222 meos,

63 1249 198 1307 Capio
228 1248 472 1298 confilium,
515 1260 562 1290 vt
590 1250 782 1290 senatum
812 1262 1125 1304 congerronum
1153 1262 1409 1292 conuocem.

63 1322 210 1379 Quem
239 1338 380 1381 quum
415 1323 679 1372 conuocani,
716 1337 843 1381 atque
879 1321 943 1363 illi
980 1320 1052 1362 m'e
1084 1337 1108 1363 e
1144 1322 1295 1365 senatu
1325 1325 1560 1384 segregant.

61 1399 142 1441 Vbi
175 1401 255 1456 ego
289 1398 416 1441 video
449 1415 542 1441 rem
573 1398 689 1441 vorti
713 1399 760 1439 in
790 1415 888 1441 meo
924 1399 1031 1446 foro,
1061 1411 1271 1455 quantum
1303 1404 1450 1457 potest,
1513 1410 1563 1446 ιο

62 1476 189 1519 Facio
220 1476 362 1524 idem,
393 1477 510 1533 quod
534 1475 711 1533 plurimi
746 1475 841 1523 alii,
883 1475 1042 1533 quibus
1078 1491 1145 1518 res
1186 1474 1339 1518 timida
1375 1487 1448 1519 aut
1475 1489 1561 1522 tur-

729 1545 830 1587 bida
862 1547 940 1587 est:

65 1615 254 1669 Pei-gunt
288 1614 458 1655 turbare
493 1628 642 1668 vsque,
672 1625 719 1654 vt
751 1630 807 1655 ne
845 1612 951 1670 quid
980 1614 1106 1670 poffit
1137 1621 1451 1677 conquiescere.

0 1705 1 1715 ³
64 1691 176 1731 Nam
204 1689 290 1730 fcio
326 1687 527 1743 equidem
557 1690 675 1730 nullo
710 1700 836 1744 pacto
877 1688 963 1731 iam
999 1692 1079 1733 effe
1110 1695 1224 1748 poss'e
1258 1698 1367 1738 clam
1404 1700 1562 1744 senem.

36 1807 41 1810 ,
66 1766 148 1828 Sed
174 1762 280 1820 quid
312 1765 398 1804 hoc
430 1764 498 1811 est,
525 1764 640 1819 quod
667 1763 771 1805 foris
802 1767 1055 1823 concrepuit
1089 1783 1299 1824 proxuma
1333 1772 1528 1818 vicinia?

33 1838 36 1840 ’
63 1841 203 1882 Herus
222 1853 345 1880 meus
364 1837 437 1880 hic
454 1837 630 1895 quidem
649 1837 724 1879 est:
746 1841 909 1894 gustare
926 1859 1004 1899 ego
1021 1845 1113 1885 eius
1131 1847 1371 1888 sermonem
1385 1851 1500 1892 volo.
1519 1866 1532 1892 1
1545 1866 1563 1901 ς

74 1911 156 1958 ΤΗ.
178 1917 367 1968 (clamat
393 1917 446 1956 de
465 1918 544 1955 via
562 1910 711 1975 seruis
730 1910 930 1971 Simonis)
961 1919 1094 1968 Illico,
1119 1923 1228 1961 intra
1250 1919 1384 1961 limen
1411 1922 1567 1965 adstate

508 2037 518 2043 ι
733 1981 836 2034 illic,
877 1997 939 2034 vt,
971 2005 1107 2045 quum
1142 1993 1360 2047 extemplo
1394 2007 1564 2042 vocem,

64 2059 286 2102 Continuo
316 2060 535 2115 exfiliatis:
576 2059 766 2103 manicas
796 2062 990 2104 celeriter
1017 2063 1276 2108 connectite.

64 2136 156 2192 Ego
188 2131 311 2177 illum
340 2128 440 2178 ante
474 2139 598 2185 aedes
627 2137 913 2192 praestolabor
946 2137 1261 2182 ludificatorem
1290 2154 1453 2190 meum,

38 2204 236 2265 ‘Quoius
270 2221 348 2267 ego
377 2210 452 2251 hic
479 2209 711 2253 ludificabo
744 2208 933 2258 corium,
965 2213 1000 2251 fi.
1020 2212 1151 2262 viuo,
1192 2217 1343 2272 probe.

23 2272 33 2273 ἶ
74 2283 152 2325 Tn.
194 2284 278 2326 Res
316 2287 457 2340 palam
493 2285 564 2327 est.
595 2296 713 2327 nunc
751 2296 792 2326 te
828 2286 976 2328 videre
1010 2289 1165 2333 melius
1203 2290 1280 2339 est,
1321 2289 1426 2347 quid
1454 2303 1565 2346 agas.

538 2406 545 2411 .
732 2354 908 2398 Tranio.
1071 2371 1074 2373 ·
1289 2383 1291 2385 -
1516 2376 1568 2401 20

77 2425 163 2467 ΤΗ.
194 2428 330 2470 Docte
363 2440 489 2487 atque
525 2429 652 2472 astute
679 2428 792 2470 mihi
826 2408 1085 2487 captandum
1125 2434 1181 2475 est
1209 2447 1310 2474 cum
1343 2431 1458 2481 illoc,
1489 2432 1565 2475 vbi

736 2502 837 2542 huc·
852 2500 1090 2545 aduenerit.

69 2560 168 2604 Non
198 2576 275 2624 ego
305 2563 369 2608 ini
402 2572 614 2626 extemplo
631 2569 703 2613 λιιι
737 2584 885 2612 meum
918 2570 1135 2613 ostendam
1164 2571 1356 2626 sensum:
1395 2570 1569 2616 mittam

735 2638 907 2682 lineam.
