1742 2892
153 113 212 151 22
738 113 1069 149 PROLOGVS

154 223 346 265 Lucrum
379 231 428 262 vt
457 233 649 275 perenne
677 218 804 259 vobis
836 218 1001 274 semper
1027 218 1246 274 subpetat:

155 278 232 341 Itax
251 299 356 338 huic
389 297 554 336 facietis
587 297 772 336 Fabulae
801 296 1031 340 mentium,
1428 298 1436 310 ¹
1613 280 1691 344 13³

158 375 311 428 Itaque
341 374 469 427 aequi
499 382 541 412 et
566 370 663 410 insti
691 372 764 411 hic
798 371 917 410 elitis
951 382 1102 410 omnes
1134 368 1294 409 arbitri.

215 448 347 487 Nunc
375 449 497 487 cuius
529 446 638 486 iussu
667 448 822 492 xenio,
856 456 897 485 et
929 459 1059 500 quam
1090 445 1146 485 ob
1174 458 1265 484 rem
1292 443 1504 489 venerim,

160 524 341 565 Dicam:
373 524 582 578 simulque
617 521 705 577 ipse
734 523 910 575 eloquar
938 535 1101 562 nomen
1134 533 1298 562 meum.

160 600 278 642 lovis
305 598 413 642 iuffu
441 597 593 645 venio;
624 610 786 637 nomen
820 597 1029 636 Mercurii
1061 596 1117 637 est
1145 596 1267 636 mihi.

163 675 290 719 Pater
318 675 407 714 huc
439 688 511 715 me
540 675 651 713 mifit
686 673 737 712 ad
767 686 845 713 vos
878 685 1046 714 oratum
1077 680 1218 718 meus,
1622 667 1676 712 26
1738 695 1740 697 >

166 751 380 796 Tametsi,
413 763 491 804 pro
523 750 705 803 imperio
740 749 865 788 vobis
896 749 1015 805 quod
1052 748 1219 788 dictum
1251 746 1372 795 foret,

170 826 317 866 Scibat
347 825 560 872 factur083
595 826 756 880 quippe
790 822 868 878 qui
902 824 1183 870 intellexerat,

170 902 319 941 Vereri
351 914 429 942 vos
463 899 505 940 se
535 911 576 940 et
601 911 819 944 metuere,
850 901 909 939 ita
940 908 989 937 vt
1021 912 1207 952 aequum
1239 896 1319 944 est,
1347 898 1520 939 Iovem:

154 977 332 1021 ,Verum
366 976 560 1031 profecto
591 977 675 1016 hoc
701 986 848 1031 petere
878 989 947 1014 me
978 975 1171 1029 precario

144 1101 146 1103 Ι
172 1053 211 1095 A
238 1055 365 1092 vobis
398 1050 513 1092 iuffit
539 1053 694 1092 leniter
725 1051 852 1091 dictis
882 1051 1024 1090 bonis.
1631 1043 1693 1096 25¹

176 1129 357 1172 Etenim
388 1129 633 1174 ille,1cuius
663 1129 752 1168 huc
783 1127 890 1166 iuffu
921 1127 1076 1170 venio,
1111 1123 1288 1178 Iupiter,

175 1203 280 1247 Non
310 1205 457 1243 minus
491 1217 620 1256 quam
653 1202 841 1243 vostrum
873 1203 1020 1255 quiuis
1051 1199 1256 1241 formidat
1286 1198 1460 1240 malum.

175 1278 383 1320 Humana
413 1288 548 1318 matre
579 1289 729 1324 natus,
763 1279 957 1316 humano
982 1286 1113 1332 patre,

179 1352 338 1395 Mirari
368 1367 458 1393 non
491 1352 546 1393 est
574 1367 785 1409 aequum,
834 1354 909 1392 fibi
941 1353 966 1390 fi
1001 1353 1243 1407 praetimet.

180 1429 324 1484 Atque
354 1442 432 1483 ego
460 1442 634 1484 quoque
666 1431 819 1476 etiam,
858 1431 934 1483 qui
962 1429 1078 1468 Iovis
1108 1426 1201 1468 sum
1230 1423 1357 1474 filius,
1470 1446 1473 1452 r
1638 1439 1693 1475 3ο

181 1504 460 1557 Contagione
489 1506 576 1544 mei
605 1506 739 1559 patris
771 1515 916 1544 metuo
948 1505 1127 1544 malum.
1612 1499 1613 1502 ¹

156 1630 164 1632 ἡ
185 1579 418 1635 Propterea
451 1593 555 1633 pace
583 1581 791 1627 aduenio,
831 1590 873 1620 et
900 1593 1051 1634 pacem
1083 1578 1137 1618 ad
1168 1590 1248 1618 vos
1277 1574 1434 1623 adfero,

188 1655 347 1698 Iustam
377 1670 467 1694 rem
499 1665 542 1694 et
572 1654 742 1695 facilem
773 1656 852 1694 effe
884 1666 1054 1695 oratum
1086 1668 1107 1693 a
1137 1653 1263 1692 vobis
1293 1652 1414 1693 volo:

182 1732 303 1774 Nam
336 1730 439 1771 iuste
475 1731 525 1769 ab
556 1730 673 1771 iustis
705 1730 836 1771 iustus
865 1730 957 1771 sum
989 1741 1129 1771 orator
1161 1730 1299 1769 datus.

190 1808 307 1848 Nam
341 1807 494 1846 iniusta
524 1807 577 1845 ab
606 1806 723 1845 iustis
753 1807 969 1860 inpetrare
1000 1820 1089 1846 non
1123 1805 1271 1844 decet:
1643 1813 1697 1851 35

190 1882 301 1925 Iusta
329 1893 476 1923 autem
507 1883 559 1921 ab
592 1881 760 1921 iniustis
790 1893 958 1936 petere,
1003 1882 1245 1934 insipientia
1263 1878 1328 1920 ’st:

195 1959 374 2013 Quippe
407 1959 471 1997 illi
504 1958 644 2011 iniqui
676 1958 742 1996 ius
775 1958 998 2012 ignorant,
1035 1970 1175 2011 neque
1208 1964 1365 1997 tenent.

252 2034 385 2075 Nunc
413 2036 499 2073 iam
527 2035 615 2073 huc
645 2034 840 2073 animum
871 2046 1022 2072 omnes
1053 2046 1100 2072 ea
1130 2044 1244 2087 quae
1267 2031 1413 2087 loquar
1441 2021 1669 2070 a‘duottite}

197 2111 378 2152 Debetis
410 2109 520 2148 velle
553 2122 662 2163 quae
690 2110 890 2150 velimus.
930 2109 1171 2149 meruimus

198 2187 259 2228 Et
283 2197 363 2239 ego
396 2194 439 2224 et
462 2194 581 2238 pater
611 2184 663 2223 de
694 2185 824 2223 vobis
854 2193 896 2223 et
925 2197 969 2222 re
997 2183 1187 2238 publiea.
1647 2195 1705 2232 40

133 2279 147 2319 '.
202 2263 318 2303 Nam
353 2259 457 2314 quid
488 2273 568 2313 ego
598 2273 862 2306 memorem,
908 2268 956 2298 vt
985 2259 1091 2297 alios
1119 2258 1165 2296 in
1197 2253 1422 2311 tragoediis

145 2322 147 2325 .
199 2336 327 2382 Vidi,
358 2335 639 2390 Neptunum,
670 2336 906 2381 Virtutem,
937 2319 1216 2377 Victorianus

202 2410 411 2456 Martem,
441 2411 688 2455 Bellonam,
723 2422 1058 2450 commemorare
1089 2419 1198 2463 quae
1227 2407 1336 2455 bom

204 2487 336 2528 Vobis
366 2484 590 2528 feciffeut‘?
623 2485 720 2538 quis
750 2483 987 2524 benefactis
1019 2496 1141 2523 meus
1170 2491 1304 2535 pater,

205 2564 400 2605 Deorum
428 2571 653 2615 regnator,
696 2554 960 2599 architectug
987 2559 1205 2603 omnibus.
1656 2572 1710 2610 45

208 2638 293 2681 Sed
326 2651 421 2679 mos
449 2647 689 2693 numquam
721 2635 810 2674 illic
840 2633 926 2674 fuit
956 2635 1067 2690 patri
1093 2645 1207 2679 meo.
