1742 2924
175 121 289 179 636·
794 141 1065 177 rona-vu

180 243 346 301 Omnes
377 246 537 286 extollo
567 257 618 286 ex
644 247 733 287 hoc
761 247 832 287 die
861 250 908 288 in
939 251 1073 289 alium
1104 250 1246 292 diem:

186 321 387 363 Profecto
415 320 540 362 festos
566 323 748 362 habeam
779 323 1002 365 decretum
1033 325 1090 366 est
1117 327 1243 367 mihi.

183 397 317 438 Nunc
348 397 452 437 hinc
482 410 631 438 eamus
665 399 794 439 intro.
828 398 1005 455 sequere
1034 402 1115 441 hae
1144 417 1230 443 me.
1289 401 1383 445 AN.
1414 402 1594 460 Sequor.

187 474 240 514 In
271 474 394 515 hunc
423 473 542 515 diem
572 474 660 514 iam
689 486 791 516 tuus
819 474 914 516 [um
942 479 1246 519 mercenarius.
1651 490 1699 528 ςς
1737 525 1742 554 1

531 663 789 706 ACTVS
846 666 944 707 ΙΙΙ.
1014 667 1277 709 SCENA
1332 667 1364 708 1.

416 770 1017 814 AGORASTOCLES,
1080 773 1481 805 ADvocATI.

247 865 307 908 Ita
331 881 403 907 me
424 869 482 909 Di
507 881 668 916 ament,
696 871 819 911 tardo
844 872 984 911 amico
1007 871 1118 911 nihil
1148 870 1204 911 est
1229 870 1463 927 quidquam
1491 870 1710 923 iniquius,

191 940 446 985 Praesertim
467 945 639 986 homini
658 948 836 992 amanti,
859 947 949 1002 qui,
969 947 1183 1003 quidquid
1207 947 1307 1001 agit.
1326 954 1524 1000 properat
1543 946 1708 984 omnia.

195 1017 319 1058 Sicut
353 1032 432 1073 ego
468 1021 548 1060 hos
579 1022 694 1062 duco
726 1022 984 1070 aduocatos,
1014 1025 1215 1064 homines
1249 1020 1656 1077 spiffigradissumos,

196 1093 440 1141 Tarfflores,
473 1110 600 1151 quam
635 1099 824 1139 corbitae
850 1090 949 1138 sunt
974 1100 1020 1137 in
1051 1099 1284 1155 tranquillo
1315 1099 1436 1137 mari.

197 1169 339 1223 Atque
366 1173 570 1227 equidem
603 1174 747 1214 hercle
773 1174 915 1214 dedita
941 1187 1068 1230 opera
1098 1175 1261 1214 amicos
1287 1173 1474 1228 fugitani
1508 1171 1644 1212 fenea.
1691 1185 1711 1222 ς

198 1243 398 1286 Sciebam
428 1258 565 1288 aetate
599 1249 827 1296 tardiores,
858 1252 997 1290 metui
1026 1264 1125 1290 meo
1159 1251 1296 1290 amori
1324 1263 1507 1289 moram.

199 1320 510 1376 Nequidquam
546 1326 624 1366 hos
652 1339 806 1381 procos
831 1327 944 1366 mihi
981 1326 1090 1380 elegi
1124 1325 1343 1379 loripedis,
1375 1323 1660 1364 tardiffumoa.

203 1395 328 1449 Quin
344 1398 379 1436 11⁴1
409 1399 511 1438 ituri
536 1400 630 1440 estis
659 1400 806 1446 hodie,
841 1403 914 1447 ite,
951 1410 1025 1440 aut
1054 1401 1112 1438 ite
1137 1401 1241 1440 hinc
1268 1400 1315 1438 in
1343 1399 1502 1437 malam
1527 1409 1716 1436 crucem.

204 1470 378 1532 Sjccine
414 1485 586 1528 oportet
628 1478 689 1516 ire
727 1477 889 1517 amicos
924 1476 1095 1515 homini
1130 1475 1291 1514 amanti
1329 1486 1506 1530 operam
1538 1471 1722 1512 datum?

203 1546 317 1589 Nam
351 1549 423 1588 iste
450 1551 626 1604 quidem
657 1552 806 1607 gradus
840 1549 1085 1592 suberetu'st
1111 1551 1251 1590 cribro
1280 1551 1526 1603 pollinario,
1672 1563 1722 1590 10

204 1622 294 1664 Nifi
331 1630 430 1664 cum
458 1627 626 1679 pedicis
660 1627 955 1669 condidicistis
987 1626 1040 1665 fic
1068 1626 1154 1666 hoc
1184 1624 1351 1680 grass‘ari
1382 1625 1532 1680 gradu.

204 1697 305 1740 An.
327 1700 447 1741 Heus
468 1712 531 1749 tu,
550 1717 814 1774 quarnquam
837 1716 917 1742 nos
940 1701 1142 1742 videmur
1163 1702 1242 1742 tibi
1268 1702 1411 1755 plebei
1431 1709 1475 1740 et
1494 1712 1722 1756 pauperes,

207 1773 256 1814 si
282 1787 364 1815 nec
390 1787 508 1817 recte
538 1777 647 1819 dicis
677 1779 830 1825 nobis,
875 1778 999 1818 diues
1029 1776 1082 1817 de
1112 1775 1282 1817 summo
1309 1778 1422 1824 loco,

209 1849 410 1891 Diuitem
444 1852 647 1893 audacter
682 1852 868 1894 solemus
899 1861 1089 1893 mactare
1124 1849 1380 1892 infortunio.

210 1925 304 1965 Nec
329 1926 410 1967 tibi
428 1941 509 1968 nos
533 1929 712 1968 obnoxii
735 1927 896 1975 sumus,
921 1928 1027 1969 istuc
1050 1927 1159 1982 quid
1178 1936 1226 1967 tu
1248 1940 1362 1967 ames
1384 1937 1458 1968 aut
1483 1929 1637 1972 oderis.
1679 1946 1725 1982 ις

213 2001 365 2056 Quum
411 2012 642 2058 argeutum
687 2018 764 2059 pro
817 2005 958 2059 capite
1001 2002 1229 2050 dedimus,
1278 2001 1471 2044 nostrum
1510 2005 1727 2054 dedimus.

1094 2085 1186 2113 non
1217 2081 1356 2118 tuum,

214 2147 395 2188 Liberos
425 2161 505 2188 nos
533 2147 614 2189 eII'e
647 2158 839 2204 oportet:
881 2161 964 2188 nos
995 2157 1039 2188 te
1068 2148 1197 2188 nihili
1227 2146 1476 2201 pendimus.

216 2224 284 2263 Ne
317 2235 391 2263 tuo
423 2237 504 2264 nos
537 2225 674 2265 amori
700 2223 844 2266 seruos
878 2233 975 2264 tuos
1005 2222 1085 2263 effe
1111 2222 1307 2262 addictos
1336 2222 1523 2265 censeas.

217 2299 402 2338 Liberos
432 2300 633 2340 homines
665 2314 742 2355 per
772 2301 926 2340 vrbem
957 2299 1132 2343 modico
1167 2299 1302 2354 magis
1330 2312 1405 2354 par
1439 2298 1496 2339 est
1523 2301 1660 2356 gradu

217 2373 304 2413 Ire:
335 2373 495 2415 seruuli
524 2375 604 2415 effe
637 2376 750 2415 duco
781 2374 1050 2415 festinantem
1082 2385 1274 2415 currere:
1678 2392 1729 2437 ²?

218 2448 474 2489 Praesertim
504 2452 549 2490 in
575 2465 620 2490 re
646 2452 802 2506 populi
830 2450 1021 2506 placida,
1051 2458 1178 2504 atque
1205 2448 1441 2491 interfectis
1470 2450 1674 2501 hostibus,

220 2524 322 2563 Non
354 2525 478 2564 decet
507 2527 773 2566 tumultuari.
804 2525 878 2566 sed
907 2526 934 2565 fi
962 2525 1217 2579 properabas
1248 2526 1399 2581 magis,

220 2599 369 2639 Pridie
399 2613 479 2640 uos
511 2609 553 2638 te
584 2600 816 2642 aduocatos
845 2603 935 2642 huc
965 2599 1124 2641 duxiffe
1152 2603 1359 2656 oportuit.

222 2675 288 2715 Ne
318 2685 362 2714 tu
386 2677 579 2730 opinere‚
601 2676 718 2716 haud
742 2678 973 2732 quisquam
993 2675 1125 2718 hodje
1146 2675 1338 2718 nostrum
1363 2685 1504 2720 curret
1525 2689 1602 2733 per
1623 2676 1731 2718 vias.
