1742 2924
142 152 204 200 88
384 189 389 191 -
751 153 1077 213 astuti-113·

144 258 245 308 ME.
275 266 405 328 (fibi)
430 269 553 310 Perii
581 266 749 309 hercle!
789 272 875 311 iam
899 271 974 311 hic
994 285 1065 312 me
1087 272 1279 329 abegerit
1308 271 1384 315 suo
1413 274 1531 316 odio.
1584 274 1658 318 Lt.

78 346 83 348 “
872 348 1133 402 (Leonidae)
1155 350 1306 390 Heus
1294 363 1386 390 lam
1396 348 1492 390 satis
1516 361 1578 398 tu,
1605 367 1662 404 4ο
1723 375 1736 402 3

148 419 307 460 Audin'
322 434 431 476 quae
459 421 686 476 loquitur?
731 421 817 462 LE.
844 423 1054 485 (Libano)
1076 425 1222 472 audio,
1251 435 1294 466 et
1324 423 1510 482 quiesco.
1559 429 1659 468 ME.
1725 409 1742 422 -<

810 509 813 511 ·
879 496 1008 553 (fibi)
1041 499 1239 541 Tandem
1269 502 1426 556 opinor
1560 555 1562 557 v

149 572 388 614 Conticuit
404 584 525 614 minc
537 575 686 614 adeam
705 584 936 630 optumum
954 573 1023 620 est,
1044 577 1295 632 priusquam
1315 578 1471 632 incipit
1485 578 1661 618 tinnire.

151 650 233 700 (acl
245 651 402 704 Leon.)
427 651 570 704 Quam
590 665 692 692 mox
711 652 825 691 mihi
846 664 1019 705 operam
1042 651 1148 692 das?
1179 653 1264 693 La.
1283 653 1438 699 Ehem,
1461 662 1663 709 optume.

879 726 1180 782 quamdudum
1207 736 1257 769 tu
1293 728 1536 770 aduenisti?

151 800 255 845 Non
284 800 427 840 hercle
460 809 502 840 te
532 801 830 854 prouida-am,
871 802 1024 857 quaeso
1059 817 1115 843 ne
1143 805 1255 845 vitio
1285 813 1442 852 vonas,
1659 851 1662 853 Α

151 876 213 915 Ita
238 876 457 928 iracundia
484 875 645 916 obstitit
667 878 818 917 oculis.
856 879 964 918 ME.
987 878 1090 918 Non
1111 880 1276 919 mirum
1293 879 1455 930 factum
1482 879 1560 920 est..
1610 867 1665 932 43
1728 926 1730 930 ,

115 969 118 975 .‚
155 950 242 991 Sed
263 952 289 990 fi
318 951 441 991 domi
464 951 531 997 est,
555 953 874 992 Demaenetum
901 954 1114 993 volebam.
1165 955 1251 994 Lm·
1269 955 1407 1010 Negat
1433 955 1512 996 ess'e
1532 957 1665 996 intus.

154 1026 312 1066 Verum
338 1025 445 1066 istuc
473 1022 699 1082 argentum
731 1037 875 1067 tamen
903 1029 1015 1067 mihi
1044 1029 1070 1067 fi
1098 1026 1165 1068 v'is
1195 1030 1490 1077 denumerare3

153 1102 475 1156 Repromittam
509 1101 611 1142 istoc
641 1103 722 1141 tibi
752 1104 932 1143 nomine
960 1103 1143 1144 solutam
1170 1118 1261 1143 rem
1291 1105 1502 1145 futuram.

156 1179 257 1219 ME.
289 1178 362 1217 Sic
383 1178 542 1232 potius,
572 1186 620 1215 vt
643 1178 910 1217 Demaeneto
933 1181 1015 1219 tibi
1044 1181 1148 1219 hero
1169 1179 1390 1234 praesente
1420 1181 1613 1222 reddam.

156 1252 233 1293 Lz.
266 1253 410 1292 Herus
442 1252 579 1294 istunc
611 1254 752 1299 nouit,
794 1264 923 1309 atque
950 1255 1103 1294 herum
1140 1256 1226 1294 hic.
1288 1257 1384 1295 ME.
1424 1256 1541 1298 Hero
1568 1256 1673 1297 huic

879 1329 1101 1391 praesente
1131 1332 1322 1371 reddam.
1403 1360 1405 1364 -
1618 1347 1670 1384 50
1724 1337 1742 1389 j

156 1405 233 1446 Lt.
263 1407 328 1446 Da
349 1407 482 1447 modo
503 1421 604 1447 meo
626 1408 848 1463 periculo;
878 1421 968 1445 rem
990 1404 1146 1444 saluam
1174 1419 1253 1461 ego
1283 1407 1520 1448 exhibebo:

156 1481 271 1522 Nam
303 1482 330 1522 fi
363 1483 464 1522 sciat
493 1483 631 1523 noster
660 1483 785 1523 senex
815 1482 947 1521 fidem
973 1495 1062 1521 non
1090 1482 1168 1521 ess'e
1198 1484 1304 1522 huic
1330 1483 1536 1529 habitam,

159 1557 446 1605 Subcenseat‚
493 1562 564 1598 eni
598 1561 797 1598 omnium
827 1572 973 1598 rerum
1005 1557 1120 1610 ipsus
1152 1557 1317 1613 semper
1344 1559 1491 1602 credit.
1538 1594 1541 1597 Α

159 1635 244 1674 LE.
277 1635 379 1675 Non
405 1637 554 1690 magni
581 1636 739 1690 pendo,
769 1649 825 1674 ne
849 1631 966 1673 duit!
1017 1634 1042 1672 fi
1074 1647 1163 1672 non
1189 1635 1299 1674 vult.
1335 1635 1388 1673 fic
1412 1635 1495 1673 fine
1529 1633 1671 1677 adstet.
1714 1640 1716 1647 ’

160 1710 328 1755 L1.Da,
342 1713 535 1765 inquam.
550 1711 655 1751 vah!
676 1709 864 1749 formido
882 1707 1024 1751 miser,
1038 1722 1092 1748 ne
1107 1710 1180 1748 hic
1195 1722 1266 1749 me
1282 1711 1364 1750 tibi
1377 1710 1608 1755 arbitretur
1621 1725 1671 1762 55

161 1785 348 1832 Suafiffe‚
378 1787 454 1827 fibi
485 1801 539 1827 ne
565 1786 772 1827 crederes.
806 1785 873 1830 da,
903 1784 1074 1839 quaeso,
1105 1797 1154 1823 ac
1183 1798 1238 1823 ne
1269 1784 1467 1825 formida.

161 1861 340 1903 Saluum
362 1863 507 1902 herde
533 1864 626 1903 erit.
689 1863 787 1902 ME.
816 1861 1000 1902 Credam
1029 1860 1135 1906 fore,
1167 1860 1273 1901 dum
1303 1860 1482 1915 quidem
1509 1858 1600 1915 ipse
1624 1859 1674 1900 in
1702 1910 1706 1914 .

888 1951 1023 1976 manu
1052 1937 1206 1978 habeo.
1227 1974 1232 1979 .
1339 1987 1341 1989 ,

160 2014 422 2070 Peregrinus
444 2027 524 2068 ego
554 2010 661 2056 sum,
693 2011 1019 2052 Sauream-non
1044 2013 1169 2054 noui.
1221 1990 1380 2053 13}th
1408 2011 1536 2059 nosce
1557 2011 1671 2054 sane.

162 2091 263 2130 ME.
287 2090 367 2135 Sit,
386 2102 477 2129 non
499 2090 568 2135 fit3
599 2100 691 2126 non
724 2087 881 2142 edepol
903 2086 1004 2129 scio.
1037 2089 1065 2128 fi
1095 2090 1131 2128 is
1164 2086 1237 2134 est,-
1262 2101 1362 2128 eum
1384 2088 1464 2128 effe
1488 2072 1671 2142 oportet.

161 2167 256 2222 Ego
284 2176 409 2205 certe
426 2176 498 2205 me
523 2166 688 2203 incerto
716 2162 802 2204 scio
831 2164 916 2203 hoc
941 2164 1145 2204 daturum
1176 2153 1346 2203 nemini
1372 2164 1559 2204 homini.
1618 2169 1674 2208 60

99 2284 102 2287 ,
163 2243 248 2283 LE.
285 2241 442 2282 Hercle
475 2240 604 2313 istum
631 2239 678 2278 di
708 2251 860 2279 omues
887 2239 1119 2294 perduint:
1161 2239 1372 2292 (Libano)
1404 2240 1559 2279 verbo
1566 2252 1675 2280 caue
1703 2268 1717 2272 x

891 2312 1165 2370 subplicaffis.

161 2395 301 2435 Ferox
330 2393 408 2441 est,
438 2394 598 2448 viginti
625 2392 766 2433 minas
797 2406 914 2432 meas
941 2399 1117 2430 tractare
1145 2387 1244 2429 sese.

165 2472 444 2523 (Mercator-i)
460 2471 601 2524 Nemo
619 2466 803 2524 adcipit!
835 2467 955 2509 aufer
976 2476 1017 2506 te
1039 2460 1285 2507 domum—
1301 2463 1674 2505 abscedehinc-

888 2541 1086 2584 molestus
1113 2554 1169 2579 ne
1196 2538 1267 2580 fis!
1479 2594 1483 2600 1

166 2622 264 2663 ΜΕ.
276 2620 421 2660 Nimis
434 2617 652 2659 iracunde.
665 2629 756 2657 non
772 2617 896 2658 decet
911 2617 1140 2673 superbum
1155 2616 1236 2655 effe
1248 2603 1474 2654 homiuem
1491 2611 1674 2654 seruum.
1702 2638 1708 2645 ·

165 2697 239 2738 Lz.
262 2696 382 2736 Malo
406 2694 551 2734 hercle
573 2695 661 2734 iam
679 2707 837 2749 magno
867 2705 943 2734 tuo
972 2705 1092 2733 nunc
1124 2689 1188 2730 isti
1213 2702 1294 2730 nec
1322 2698 1436 2730 recte
1466 2689 1672 2740 dicis.‘65
