1742 2924
221 207 314 259 286
853 220 1096 257 EPxnlct

218 329 308 384 Qui
337 328 413 368 vbi
445 326 529 375 tibi
557 323 676 367 istam
700 336 888 382 emptam
918 327 997 367 effe
1027 327 1167 374 scibit,
1197 338 1326 383 atque
1350 330 1463 374 hanc
1494 334 1722 381 adductam

667 412 669 415 ’
1122 398 1314 445 alteram,
1337 443 1341 446 ,

172 482 178 485 ⁴
217 474 443 517 Continuo
472 482 515 512 te
541 472 680 512 orabit
710 471 836 518 Vltro,
868 482 916 512 vt
942 472 1060 512 illam
1090 475 1353 515 transmittas
1382 477 1470 517 fibi.

219 550 303 591 Sed
321 550 395 589 vbi
414 547 484 587 illa
502 545 570 593 est,
590 561 719 603 quam
739 556 786 587 tu
805 547 1014 588 adduxisti
1033 560 1124 589 tect·
1135 550 1208 590 m?
1231 551 1300 591 Sr.
1320 552 1408 590 Iam
1427 552 1523 594 faxo
1539 553 1612 596 hic
1630 558 1722 598 erit.

219 628 306 667 GH.
334 624 453 680 Quid
476 624 548 664 hic
583 636 702 663 nunc
731 622 931 679 agimus?
979 625 1047 665 Sr.
1072 625 1234 666 Eamus
1264 627 1376 665 intro
1406 628 1493 668 huc
1519 630 1571 669 ad
1599 641 1652 679 te,
1675 644 1723 673 vt

1117 695 1237 736 hunc
1265 696 1396 737 hodie
1414 698 1544 739 'diem

213 774 458 816 Luculente
483 770 734 809 habeamus.
782 769 864 809 ΕΡ.
886 770 949 810 Ite
979 772 1107 810 intro.
1138 783 1217 826 ego
1245 771 1299 812 de
1319 785 1363 811 re
1394 777 1628 830 argentaria
1671 794 1720 832 55

215 855 308 895 Iam
338 851 528 891 senatum
559 846 812 886 conuocabo
841 846 887 884 in
917 844 1044 885 corde
1073 846 1373 887 consiliarium,

217 930 336 984 Quoi
366 921 634 981 potissimum
658 920 874 961 indicatur
905 922 1083 968 bellum,
1112 922 1228 965 vnde
1256 935 1483 979 argentum
1514 925 1721 975 auferam,

216 1003 415 1059 Epidice,
444 999 546 1039 vide
578 995 686 1052 quid
718 1008 828 1053 agas,
858 997 916 1036 ita
944 1010 1012 1036 res
1047 997 1188 1038 subito
1218 999 1325 1038 haec
1348 1000 1515 1041 obiecta
1542 1001 1597 1041 est
1625 1004 1721 1045 tibi,

215 1082 318 1122 Non
347 1079 464 1118 enim
483 1086 602 1113 nunc
622 1073 703 1112 tibi
725 1071 1066 1118 dormitandum,
1087 1086 1230 1129 neque
1252 1075 1488 1116 cunctandi
1509 1078 1634 1135 copia
1651 1078 1721 1122 est,

213 1158 269 1198 At
294 1153 499 1194 eumdem
520 1149 665 1194 senem
686 1149 936 1204 obpugnare
955 1158 1122 1189 certum
1140 1149 1196 1189 est
1217 1151 1455 1192 confilium.
1478 1153 1507 1199 i,
1524 1153 1552 1199 i,
1577 1155 1647 1194 abi
1668 1161 1723 1199 60

214 1235 358 1277 Intro,
389 1237 516 1282 atque
541 1224 802 1264 adolescenti
833 1224 905 1263 dic
933 1225 1018 1263 iam
1047 1223 1186 1265 nostro
1215 1226 1345 1266 herili
1369 1225 1473 1283 filio,

214 1309 283 1348 Ne
306 1307 380 1346 hic
409 1301 521 1343 foras
554 1300 761 1346 ambulet,
793 1312 906 1339 neue
936 1312 1122 1353 vsquam
1152 1303 1301 1341 veniat
1331 1302 1509 1344 obuiam
1537 1302 1639 1347 seni.

537 1457 828 1502 ACTVS
886 1458 945 1496 ΙΙ.
1016 1459 1310 1501 SCENA
1367 1461 1400 1499 Ι.

615 1558 903 1590 APOECIDES
917 1579 929 1600 ,
971 1559 1317 1590 PERIPHANES.

263 1653 464 1706 Plerique
490 1646 707 1690 homines,
735 1658 859 1700 quos,
885 1659 1018 1699 quum
1046 1645 1159 1684 nihil
1183 1644 1326 1692 refert,
1348 1642 1506 1698 pudet:
1537 1644 1613 1684 vbi
1645 1659 1722 1701 pu·

1114 1715 1307 1756 dendum
1338 1714 1407 1760 est,

211 1800 279 1842 Ibi
307 1809 379 1838 eos
409 1792 563 1834 deserit
588 1789 740 1846 pudor,
777 1802 915 1844 quum
946 1789 1044 1829 vsus
1073 1789 1129 1829 est
1167 1799 1216 1830 vt
1240 1790 1415 1845 pudeat.
1458 1792 1494 1830 is
1533 1791 1643 1832 adeo
1673 1801 1722 1831 tu.

1117 1873 1175 1900 es.
1205 1859 1314 1914 quid

209 1943 300 1989 Est,
338 1938 457 1997 quod
493 1934 747 1992 pudendum
779 1933 871 1979 fiet,
911 1945 1068 1990 genere
1108 1943 1256 1974 natam
1299 1934 1439 1979 bono,
1483 1929 1721 1990 pauperem

1114 2003 1295 2045 domum

208 2095 380 2134 Ducere
406 2083 614 2127 vxorem?
644 2083 887 2136 praesertim
910 2095 1019 2126 eam,
1053 2094 1135 2136 qua
1164 2094 1215 2120 ex
1238 2080 1321 2119 tibi
1351 2093 1664 2123 commemores

209 2169 348 2213 Hanc,
366 2176 476 2220 quae
497 2160 618 2200 domi
638 2158 705 2204 est,
727 2157 861 2197 filiam
880 2165 1150 2212 prognatam.
1177 2157 1261 2196 PE.
1277 2155 1494 2197 Reuereor
1515 2155 1674 2198 filium!
1697 2172 1730 2210 5>

212 2248 293 2287 ΛΡ.
320 2242 375 2282 At
398 2239 474 2294 pol
495 2250 572 2292 ego
602 2245 643 2274 te
671 2232 835 2274 credidi
863 2245 1057 2278 vxorem,
1087 2243 1218 2286 quam
1248 2241 1296 2271 tu
1326 2229 1523 2277 extulisti,
1554 2232 1729 2286 pudore>

1113 2297 1299 2354 exsequi.

211 2388 383 2444 Quoius
405 2382 575 2438 quoties
597 2377 838 2432 sepulcrum
858 2375 996 2423 vides,
1017 2373 1242 2415 sacruficas
1270 2374 1388 2414 illico
1419 2387 1519 2415 orco
1547 2374 1693 2416 hostiis
1706 2389 1734 2432 :-

207 2465 365 2519 Neque
385 2459 491 2500 adeo
516 2456 691 2500 iniuria,
711 2455 814 2508 quia
832 2452 1004 2492 licitum
1025 2448 1081 2489 est
1102 2462 1197 2490 eam
1218 2449 1299 2488 tibi
1317 2450 1509 2490 viuendo
1527 2451 1723 2490 vincere.>

210 2542 294 2582 PE.
317 2538 402 2584 Oh,
431 2533 625 2575 hercules
651 2543 729 2584 ego
758 2526 838 2574 fui,
872 2527 977 2566 dum
1006 2526 1077 2564 illa
1103 2536 1278 2564 mecum
1303 2523 1411 2566 fuit!
1441 2539 1581 2582 neque
1605 2525 1733 2571 sexta'

1114 2606 1318 2632 aerumna

209 2684 412 2728 Acerbior
434 2677 625 2723 Herculi,
649 2688 779 2731 quam
805 2674 876 2712 illa
898 2668 1010 2712 mihi
1033 2669 1089 2709 est
1115 2669 1296 2710 obiecta.
1337 2673 1419 2726 ΑΡ.Ι
1434 2668 1587 2709 Pulcra
1664 2683 1736 2727 ¹0?

210 2759 378 2816 Edepol
396 2758 473 2799 dos
490 2753 674 2810 pecunia
697 2749 766 2791 est.
796 2736 880 2789 Ῥε.
903 2747 1025 2802 Quae
1042 2743 1222 2800 quidem
1239 2744 1313 2800 pol
1329 2757 1421 2783 non
1435 2743 1628 2784 maritata
1649 2741 1742 2819 ests,

1711 2817 1742 2871 ,14

1714 2894 1742 2924 ’1
