1742 2924
147 219 244 267 324
702 204 1088 254 naec-mmm

145 301 314 370 Ibidem
345 325 581 380 publicitus
604 322 792 365 seruant.
846 328 934 366 QVI.
969 320 1198 367 o'bc‘id'istie
1228 340 1314 369 me.
1349 342 1354 346 ·

146 401 298 442 Nimio
328 401 401 440 hic
430 400 632 454 priuatim
665 399 907 440 seruaretur
936 403 1110 442 rectius.
1389 431 1393 438 -
1604 409 1657 447 80

147 475 233 516 Sed
260 489 338 517 vos
370 476 540 515 nihilne
576 474 784 515 adtulistis
815 475 918 516 inde
944 476 1040 516 'auri
1071 477 1284 518 domum?

155 552 243 594 CH.
276 547 584 592 lmbxoffetiam.
621 565 797 596 verum,
829 561 1043 606 quantum
1078 553 1304 600 adtulerit,
1332 552 1491 595 nescio.
1521 555 1523 557 ’

150 630 232 668 Nz.
269 626 401 681 Quid,
430 624 600 666 nescis?
652 627 740 667 Cu.
771 626 886 680 Quia
917 628 1212 670 Mnesilochus
1241 639 1375 671 noctu
1410 630 1657 670 clanculum

146 704 338 743 Deuenit
367 701 419 742 ad
445 702 753 742 Theotimum:
785 704 1005 743 necmihi
1035 705 1224 751 credere,

146 778 242 820 Nec
271 778 510 833 quoiquam
545 777 727 816 innaui
758 778 911 819 voluit.
947 793 1000 819 eo
1031 793 1109 835 ego
1140 779 1300 826 nescio,
1604 782 1654 829 85

149 851 424 908 Quantulum
461 852 684 901 adtulerit;
721 865 873 893 verum
907 855 1026 894 haud
1056 857 1321 908 permultum
1353 855 1519 896 adtulit.

98 927 106 937 ”
150 933 234 973 Νι.
266 930 407 969 Etiam
441 928 678 968 dimidium
709 928 887 969 censes?
922 930 1022 971 Cn.
1054 929 1155 968 Non
1184 930 1339 985 edepol
1367 929 1470 971 scio.

150 1009 309 1048 Verum
338 1004 457 1045 haud
481 1005 649 1059 opinor.
710 1006 793 1045 Νι.
826 1004 982 1045 Fertne
1007 1007 1175 1060 partem
1205 1007 1410 1047 tertiam?
1455 1042 1459 1044 ,
1518 1055 1525 1062 ⁸

158 1085 247 1127 CH.
277 1076 379 1122 Non
404 1081 547 1121 herote
576 1081 746 1135 opinor.
777 1094 928 1121 verum
957 1095 1110 1121 verum
1140 1081 1335 1122 nescim»

150 1157 350 1202 Profecto
383 1156 436 1197 de
469 1169 572 1196 auro
601 1157 713 1196 nihil
741 1156 854 1203 scio,
894 1158 968 1196 nisi
1002 1157 1159 1197 nescio.
1607 1168 1662 1206 90

149 1237 284 1278 Nunc
310 1234 482 1275 tibimet
510 1233 614 1273 illuc
644 1235 747 1272 naui
777 1232 1043 1287 capiundum
1075 1231 1131 1272 est
1159 1233 1253 1279 iter,

149 1314 207 1354 Vt
237 1308 346 1350 illud
378 1317 569 1363 reportes
601 1320 751 1347 aurum
782 1310 834 1348 ab
867 1309 1102 1348 Theotimo
1135 1309 1331 1349 domum.

151 1387 295 1442 Atque
322 1385 430 1425 heus
457 1393 519 1424 tu.
568 1385 651 1423 Νι.
683 1384 804 1437 Quid
833 1383 932 1423 vis?
989 1384 1075 1425 Cu.
1109 1384 1334 1424 Annulum
1365 1387 1486 1438 gnati
1512 1386 1580 1424 tui

151 1462 302 1503 Facito
332 1471 380 1501 vt
408 1460 661 1500 memineris
693 1459 815 1499 ferre.
876 1462 958 1499 Νι
992 1459 1110 1513 Quid
1144 1459 1278 1514 opu’st
1309 1460 1501 1500 annulo?

163 1537 251 1581 Cn.
273 1536 386 1590 Quia
409 1535 453 1574 id
476 1535 643 1588 [ignum
662 1534 719 1576 est
737 1548 836 1575 cum
849 1535 1100 1581 Theotimo,
1115 1536 1187 1589 qui
1205 1547 1305 1574 eum
1330 1535 1394 1574 illi
1416 1535 1591 1582 adferet,
1610 1548 1660 1588 95

152 1613 209 1654 Ei
239 1624 389 1653 aurum
415 1619 463 1650 vt
490 1609 653 1650 reddat.
711 1612 795 1650 Νι.
827 1610 1096 1656 meminero,
1126 1620 1168 1650 et
1199 1621 1315 1651 recte
1342 1624 1511 1652 mones.

155 1688 241 1730 Sed
274 1687 456 1727 diuesne
485 1686 540 1725 est
567 1685 658 1724 istic
687 1685 980 1724 Theotimus?
1027 1687 1112 1727 Cn.
1148 1686 1291 1726 Etiam
1322 1687 1476 1741 rogas?

156 1765 247 1818 Qui
279 1776 381 1804 auro
411 1761 566 1802 habeat
594 1759 727 1801 soccis
757 1760 1012 1814 subpactum
1046 1760 1197 1801 solum.

158 1842 242 1881 Nl.
273 1839 363 1880 Cur
392 1839 450 1876 ita
479 1836 666 1877 fastidit?
722 1837 809 1878 Cn.
842 1837 1002 1876 Tantas
1035 1836 1210 1878 diuitias
1244 1838 1385 1881 habet.

156 1915 305 1956 Nescit
339 1914 445 1970 quid
477 1913 606 1952 faciat
630 1925 747 1952 auro.
807 1914 889 1953 N1.
923 1912 1036 1951 Mihi
1065 1912 1232 1954 dederit
1260 1916 1407 1957 veiim.
1585 1933 1662 1961 100

157 1989 243 2031 Sed
271 1990 346 2044 qui
375 1987 593 2043 praesente
621 1986 667 2026 id
699 2001 851 2026 aurum
880 1988 1115 2028 Theotimo
1151 1989 1296 2030 datum
1328 1991 1417 2031 est?
1591 1970 1604 1980 Δ

164 2068 252 2109 Cn.
283 2065 455 2120 Populo
482 2062 716 2119 praesente.
750 2062 920 2103 nullu'st
949 2064 1123 2118 Ephesi,
1164 2065 1271 2120 quin
1298 2064 1413 2107 fciat.

156 2145 240 2183 Νι.
269 2140 376 2181 Istuc
407 2138 619 2193 sapienter
646 2136 794 2178 saltem
822 2137 927 2179 fecit
956 2139 1085 2186 filius,
1427 2123 1439 2135 κ

157 2218 306 2272 Quum
337 2215 467 2255 diuiti
498 2214 668 2255 homini
694 2212 740 2252 id
769 2226 919 2254 aurum
949 2213 1210 2256 seruandum
1239 2215 1380 2256 dedit:

154 2293 221 2334 Ab
252 2287 303 2332 eo
338 2290 488 2330 licebit
516 2291 716 2345 quamuis
755 2287 897 2329 subito
915 2289 1108 2330 sumere.
1156 2272 1159 2274 ι
1582 2304 1658 2342 105

162 2369 250 2409 Cn.
279 2369 419 2407 Immo
449 2366 550 2405 hem
581 2364 789 2419 tantisper
818 2359 1060 2420 numquam
1086 2374 1134 2405 te‘
1152 2365 1402 2414 morabitur,

155 2443 278 2497 Quin
306 2442 462 2482 habeas
494 2440 616 2486 illud,
645 2453 735 2496 quo
768 2438 839 2478 die
869 2440 973 2478 illuc
1006 2440 1191 2479 veneris.

155 2520 237 2559 Νι.
263 2517 503 2558 'Censebam
534 2529 606 2555 me
642 2514 833 2570 effugiffe
861 2527 882 2552 a
914 2515 1001 2553 vita
1034 2515 1277 2560 marituma,

154 2595 222 2634 Ne
252 2593 502 2646 nauigat-em
533 2591 709 2631 tandem
737 2590 823 2631 hoc
852 2589 1001 2629 aetatis
1029 2588 1177 2643 senex„
1307 2634 1313 2637 ¹

156 2668 205 2710 Id
236 2669 347 2707 mihi
383 2666 500 2707 haud
526 2676 670 2706 vtrum
704 2666 836 2705 velim
868 2657 1003 2704 licere
1033 2663 1262 2718 intellego;
1585 2655 1684 2706 110'

159 2746 220 2784 Ita
250 2744 385 2784 bellus
413 2742 567 2798 hospes
596 2739 699 2783 fecit
724 2739 1064 2782 Archidemides.
