1742 2924
202 134 298 186 860
685 161 695 189 ς
742 145 1160 180 ‘ruvchtNm

197 255 344 310 Quine
372 254 503 296 etiam
541 254 667 309 super
704 251 914 300 adducas,
958 266 1068 308 quae
1107 253 1222 294 mihi
1260 258 1490 307 comedint
1518 241 1713 303 cibum?

1025 326 1097 365 ὃν.
1128 325 1227 366 Hoc
1253 328 1432 382 quidem
1560 336 1567 339 ’

194 399 352 441 Hercle
378 399 405 438 fi
431 400 650 454 ingratum
680 397 738 438 est
764 398 954 446 donum,
1004 401 1111 447 cedo
1149 410 1198 442 tu
1232 403 1344 443 mihi
1373 402 1513 450 istam,
1552 415 1698 459 puere.

201 508 203 510 .
1047 472 1221 514 erulam.

190 546 320 593 Hem,
354 557 450 586 mea
486 544 711 600 voluptas,
754 545 892 586 adtuli
928 487 1073 587 eccalzn
1103 549 1306 604 pallulam
1335 562 1386 589 ex
1414 562 1545 606 parua
1573 549 1697 591 Gtae—

1015 618 1079 656 cia
1109 618 1206 665 tibi,
1645 634 1692 670 ςς
1732 644 1737 646 “

189 691 313 731 Tene
333 691 429 730 tibi.
463 691 556 729 PH.
574 689 772 730 Hoccine
782 690 895 729 mihi
916 691 971 731 ob
991 692 1155 734 labores
1173 702 1314 742 tantos
1334 696 1552 748 tantillum
1573 695 1698 737 dari?

194 768 273 808 ST.
305 766 415 805 Perii
446 765 589 807 hercle
616 763 763 805 miser:
810 766 896 806 iam
927 751 1049 808 mihi¹
1071 781 1176 811 auro
1205 779 1352 810 contra
1378 770 1538 812 ‘constat
1566 763 1695 812 filius.

185 842 442 882 Etiamnum
473 853 544 880 me
573 841 820 896 vilipendit.
853 842 906 881 ad
937 843 996 890 id,
1025 858 1261 902 purpuram
1292 858 1344 887 ex
1374 845 1474 886 Sara
1502 846 1586 887 tibi

184 918 348 964 Amuli,
382 928 425 958 et
457 916 659 956 indunias
692 916 834 957 Ponto
863 930 1076 982 amoenas.
1109 932 1208 962 tene
1235 922 1333 968 tibi,
1359 922 1558 980 yoluptas
1578 934 1691 962 mea.

182 994 348 1050 Adcipe
378 994 486 1039 hoc,
519 992 683 1032 abduce
713 992 844 1031 hasce
874 993 979 1034 hinc
1012 1009 1034 1034 e
1064 995 1299 1052 conspectu
1327 998 1470 1039 Suras.
1637 1000 1691 1039 60

180 1069 354 1127 Ecquid
387 1081 504 1108 amas
534 1066 635 1107 me?
694 1068 786 1108 PH·
824 1067 946 1108 Nihil
983 1071 1162 1113 ecastor:
1216 1068 1358 1128 neque
1393 1086 1546 1113 meres.
1611 1073 1687 1114 Sr.

1010 1143 1190 1184 Nihilne
1218 1143 1324 1182 huic
1352 1143 1414 1183 sat
1442 1141 1532 1183 est?

179 1220 248 1261 Ne
276 1220 389 1260 mihi
420 1219 603 1259 verbum
633 1217 812 1274 quidem
842 1218 981 1258 vnum
1009 1218 1130 1259 dixit.
1163 1218 1322 1274 viginti
1354 1219 1485 1259 minis

179 1296 336 1335 Venire
366 1295 490 1334 illaec
519 1292 632 1347 poffe
664 1292 792 1334 credo
825 1294 960 1340 dona,
989 1291 1099 1349 qu'ae
1130 1295 1170 1333 ei
1203 1293 1318 1336 dono
1352 1293 1466 1333 dedi.

177 1373 466 1412 Vehementer
495 1382 614 1410 nunc
640 1371 751 1409 mihi
782 1369 838 1410 est
864 1372 990 1410 irata:
1020 1368 1157 1410 sentio
1186 1378 1313 1424 atque
1339 1370 1561 1424 intellego.
1583 1389 1587 1391 >

177 1449 341 1489 Verum
384 1447 526 1487 adibo.
573 1446 680 1501 quid
732 1447 793 1486 ais
845 1459 964 1486 nunc
1015 1444 1097 1484 tu?
1147 1457 1313 1484 numne
1360 1446 1427 1485 vis
1471 1458 1564 1492 me,
1611 1459 1687 1486 vo-

1004 1515 1147 1568 luptas
1179 1527 1290 1560 mea,
1571 1531 1574 1537 ·
1631 1516 1682 1564 65

178 1592 281 1648 Quo
313 1598 491 1632 vocatus
523 1587 643 1635 sum,
680 1589 743 1630 ire
771 1587 824 1628 ad
865 1589 1078 1631 coenam?
1125 1601 1227 1630 mox
1267 1588 1321 1629 ad
1358 1599 1402 1630 te
1440 1589 1529 1632 huc
1566 1589 1686 1632 cubi*
1730 1617 1734 1624 Δ

1002 1669 1099 1700 tum
1130 1660 1268 1700 iuero.

176 1737 298 1794 Quid
319 1735 464 1777 taces?
499 1733 755 1791 planiss'ume
776 1732 931 1789 edepol
956 1736 1080 1790 perii.
1104 1733 1175 1773 sed
1199 1733 1307 1789 quid
1327 1738 1433 1779 illuc
1458 1738 1566 1779 boni
1595 1737 1683 1780 est?

176 1815 289 1870 Quis
327 1813 460 1853 homo
503 1809 581 1858 est,
625 1811 700 1866 qui
741 1809 913 1849 inducit
959 1824 1166 1866 pompam
1207 1812 1404 1853 tantam?
1453 1814 1681 1863 certum’st,'

999 1894 1084 1937 quo
1118 1880 1271 1928 ferant,

175 1961 428 2005 Obseruare.
454 1959 559 2000 huic
590 1957 718 1999 credo
747 1957 899 1998 fertur.
933 1969 1086 1996 verum
1117 1957 1204 1996 iam
1233 1955 1351 1997 scibo
1379 1959 1530 2012 magis.

333 2127 619 2172 ACTVS
677 2127 735 2167 11.
808 2124 1096 2166 SCENA
1151 2124 1253 2164 VII.
1300 2125 1448 2180 potius
1484 2128 1532 2167 V.

428 2230 578 2270 GETA,
610 2226 979 2267 PHRONESIVM,
1015 2223 1436 2256 STRATOPHANES.

225 2321 313 2365 Ite,
345 2319 405 2357 ite
435 2317 538 2361 hac,
578 2313 701 2355 fimul
728 2313 821 2352 heri
851 2310 1159 2366 damnigeruli,
1191 2308 1306 2351 foras
1334 2323 1530 2364 gerones,

169 2396 396 2436 Bonorum
415 2393 743 2444 hamaxagogae.
802 2387 949 2427 Satine
968 2387 1044 2441 qui
1065 2395 1191 2431 amat,
1225 2386 1390 2440 nequit,
1422 2388 1531 2441 quin
1551 2387 1680 2429 nihili

171 2471 250 2517 Sit,
280 2478 409 2525 atque
429 2466 626 2522 inprobis
645 2462 730 2505 [ese
751 2463 913 2504 artibus
933 2459 1151 2515 exspoliet.
1179 2472 1294 2508 nam,
1322 2460 1406 2502 hoc
1427 2464 1504 2516 qui
1533 2461 1675 2513 sciam,
1739 2467 1742 2497 ῖ

992 2543 1048 2570 ne
1078 2530 1174 2584 quis

168 2613 220 2654 Id
251 2621 423 2668 quaerat
444 2623 495 2650 ex
521 2623 607 2657 me,
639 2610 760 2650 domi
789 2606 859 2652 est,
895 2606 971 2660 qui
1000 2603 1104 2643 facit
1135 2603 1316 2659 inproba
1344 2603 1469 2651 facta,
1501 2617 1676 2655 amator,
1724 2617 1730 2621 ’

170 2688 262 2745 Qui
285 2689 401 2729 bona
426 2684 500 2726 [ua
524 2698 604 2742 pro
625 2684 804 2726 stercore
824 2681 967 2728 habet,
992 2680 1105 2735 foras
1133 2679 1258 2720 iubet
1285 2678 1408 2721 ferri:
1437 2682 1596 2723 metuit
1651 2695 1673 2733 5
