1742 2924
175 141 237 186 74
697 115 703 121 ’
786 114 1087 176 astituri

174 230 352 306 Quippe
375 251 451 306 qui
482 262 604 305 mage
635 249 775 290 amico
803 257 980 290 vtantur
1010 258 1140 304 gnato
1168 256 1212 288 et
1239 242 1485 287 beneubloz
1549 239 1551 242 ’

171 327 313 382 Atque
343 328 423 382 ego
455 340 526 366 me
558 324 605 363 id
635 323 774 364 facere
800 324 960 373 studeo.
996 326 1098 364 volo
1128 324 1262 363 amari
1300 335 1323 362 a
1358 320 1480 366 meis,

171 398 281 442 Volo
317 416 387 443 me
417 403 547 458 patris
578 398 666 441 mei
701 401 903 447 fimilem,
939 401 1017 456 qui
1053 398 1175 440 causa
1211 411 1308 440 mea

172 478 405 518 Nauclerio
438 477 527 531 ipse
557 486 713 518 ornatu
746 491 822 533 per
861 476 1088 522 fallaciam,

158 554 316 608 >Quam
355 555 574 600 amabam,
619 553 798 593 abduxit
828 554 879 592 ab
910 553 1067 591 lenone
1095 550 1335 591 mutierem.
1627 552 1680 595 55

169 627 326 686 Neque
354 629 513 683 puduit
542 643 642 680 eum
678 628 722 668 id
754 631 903 669 aetatis
935 627 1234 683 sycophantias

174 704 347 745 struere
359 724 373 749 ‚v
404 714 447 744 et
478 703 701 744 beneficiis
728 714 801 745 me
834 718 974 744 emere
1002 711 1190 759 gnatum*
1213 697 1339 741 suum
1357 697 1454 738 fibi.

171 780 259 820 Eos
301 793 370 820 me
403 780 625 826 decretum
657 779 712 819 est
742 780 942 836 persequi
974 794 1116 821 mores
1153 780 1302 837 patris.

170 855 284 896 Nam
324 869 395 894 me
422 854 554 894 hodie
586 857 727 895 orauit
757 857 1022 911 Argyrippus
1060 855 1186 901 filius,

170 932 242 971 Vti
271 931 345 970 fibi
378 932 539 970 amanti
571 929 758 970 facerem
789 933 952 986 argenti
983 931 1175 986 copiam:
1489 940 1491 944 ’
1624 926 1679 966 60

168 1007 228 1047 Et
259 1006 304 1044 id
334 1019 412 1059 ego
443 1008 652 1062 percupio
682 1005 859 1061 obsequi
892 1018 1021 1062 gnato
1062 1017 1188 1047 mem

170 1081 455 1122 Volo-amori
488 1080 776 1136 obsequutum
814 1083 956 1129 filius,
998 1082 1099 1122 volo
1129 1089 1245 1121 amet
1280 1089 1352 1117 me
1387 1083 1567 1128 patrem·

172 1141 449 1213 Quamquam
485 1158 607 1196 illum
641 1167 777 1197 mater
807 1168 918 1198 arcte
951 1167 1241 1210 contenteque
1271 1152 1416 1196 habet,

171 1238 317 1278 Patres
354 1244 400 1274 vt
429 1233 766 1275 consueucrunt:
796 1248 874 1289 ego
902 1237 1028 1274 mitto
1055 1233 1207 1272 omnia
1236 1232 1357 1270 haec.

169 1309 424 1353 Praesertim
458 1322 593 1363 quum
628 1310 664 1348 is
696 1323 767 1349 me
799 1310 1004 1364 dignum,
1044 1310 1149 1364 quoi
1181 1303 1470 1348 concrederet,
1623 1303 1676 1350 65

170 1386 362 1432 Habuit,
394 1396 464 1422 me
495 1384 651 1424 habere
684 1385 895 1425 honorem
927 1387 1019 1426 eius
1053 1376 1230 1439 ingenio
1267 1381 1412 1420 decet:

173 1460 324 1515 Quum
352 1472 424 1498 me
450 1458 572 1506 adiit,
607 1471 656 1499 vt
687 1461 926 1515 pudentem
962 1468 1142 1516 gnatum
1169 1469 1357 1513 aequum
1384 1452 1454 1500 est,
1493 1458 1675 1506 patrem.

171 1535 247 1578 121.
276 1536 479 1575 Demiror
513 1534 620 1590 quid
649 1536 717 1581 fit,
762 1546 827 1581 et,
871 1550 959 1590 quo
991 1535 1159 1580 euadat,
1190 1533 1282 1573 sum
1313 1533 1359 1571 iu
1387 1522 1524 1571 metu.

170 1611 265 1652 ΒΕ.
295 1610 513 1665 Equidem
539 1609 627 1650 scio
660 1612 769 1658 iam,
800 1610 914 1652 filius
942 1611 1059 1665 quod
1093 1619 1209 1649 amet
1237 1619 1375 1649 meus.

171 1687 316 1741 Cupio
346 1685 426 1724 effe
454 1685 616 1725 amicae
646 1685 766 1739 quod
789 1687 862 1726 det
893 1694 1118 1741 argentum
1153 1684 1263 1723 suae.
1495 1726 1501 1730 ,
1621 1689 1679 1733 70

172 1762 247 1801 Lr.
280 1760 416 1815 Cupis
443 1761 511 1806 id,
545 1761 661 1814 quod
693 1774 849 1816 cupere
878 1771 920 1801 te
952 1760 1249 1817 nequidquam
1277 1757 1498 1814 intellego·

170 1837 376 1876 Dotalem
408 1835 582 1875 seruum
615 1837 813 1876 Sauream
845 1851 951 1877 vxor
981 1846 1054 1876 tua
1136 1817 1141 1819 -
1258 1826 1266 1830 ⁴

171 1911 389 1956 Adduxit,
429 1912 501 1950 cui
529 1914 626 1967 plus
658 1913 704 1951 in
736 1926 869 1952 manu
901 1914 947 1952 fit
977 1925 1106 1967 quam
1135 1910 1232 1952 tibi.

170 1987 267 2028 DE.
301 1987 540 2041 Argentum
570 1986 745 2042 adcepi‚
788 1988 888 2027 dote
919 1988 1154 2043 imperium
1181 1983 1376 2026 vendidi.

170 2063 304 2103 Nunc
332 2062 463 2102 verba
492 2062 540 2101 in
568 2071 705 2118 pauca
734 2061 975 2110 conferam,
1013 2061 1119 2126 quid
1149 2073 1192 2102 te
1220 2060 1369 2100 velim.
1622 2073 1678 2114 73

169 2138 338 2192 Viginti
364 2140 453 2178 iarn
485 2136 564 2177 vsu
589 2136 632 2176 ’st
660 2137 749 2178 filio
785 2139 948 2194 argenti
979 2137 1124 2177 minis.

166 2213 280 2254 Face
310 2213 356 2253 id
384 2222 434 2252 vt
461 2223 660 2268 paratum
692 2214 779 2254 iam
808 2214 867 2254 fit.
928 2214 1001 2254 Lr.
1025 2212 1147 2252 Vnde
1176 2209 1410 2266 gentium?

107 2276 110 2279 ’
167 2284 266 2332 ΒΕ.
296 2288 372 2327 Me
400 2286 663 2328 defraudato.
722 2289 798 2328 Lr.
827 2288 1052 2330 Maxumas
1080 2300 1215 2343 nugas
1247 2286 1348 2342 agis,

171 2363 306 2407 Nudo
337 2364 560 2404 detrahere
587 2362 837 2404 vestimenta
870 2377 941 2404 rne
974 2364 1110 2404 iubes.
1253 2348 1263 2354 ’
1331 2361 1339 2371 *

172 2437 413 2481 Defrudem
443 2449 485 2479 te
518 2440 629 2494 ego?
666 2453 742 2494 age
774 2441 845 2487 fis,
880 2449 927 2480 tu
961 2441 1045 2479 fine
1073 2436 1231 2493 pennis
1262 2434 1374 2477 vola.
1621 2445 1677 2484 80

128 2518 131 2519 ⁷
169 2513 294 2557 Tene
327 2526 406 2569 ego
435 2513 687 2562 defrudem,
729 2515 802 2553 cui
830 2515 907 2572 ipfi
934 2515 1048 2554 nihil
1078 2510 1134 2552 est
1166 2513 1213 2550 iu
1240 2523 1390 2557 manu,

167 2589 258 2634 Nifi
289 2588 395 2644 quid
425 2599 472 2629 tu
501 2603 629 2643 porro
659 2603 839 2634 vxorem
868 2586 1223 2629 defraudaueris?

167 2663 261 2709 Dr.
298 2665 398 2722 ,Qua
422 2678 508 2712 me,
538 2679 621 2724 qua
648 2679 844 2714 onrem,
878 2678 962 2724 qua
983 2674 1031 2704 tu
1060 2663 1227 2704 [eruum
1250 2661 1452 2705 Sauream
