1742 2924
215 164 314 212 814.
799 171 1173 209 ‘rnxnvmmt‘

213 278 305 320 PH.
340 279 359 318 1
387 278 489 324 hac,
525 277 786 338 Lesbonice,
815 292 1010 326 mecum,
1043 289 1092 321 vt
1122 292 1266 324 coram
1294 287 1461 341 nuptiis

211 355 317 395 Dies
349 354 651 395 constituatur.
692 353 842 394 eadem
874 343 982 396 haec
1008 357 1374 402 confirmabimus.
1489 408 1494 421 ι
1630 371 1708 410 180

212 430 298 471 LE.
333 428 499 490 (seruo)
530 429 598 470 Tu
629 428 735 470 istuc
765 444 861 470 cura
890 431 1010 486 quod
1042 430 1161 473 iuffi·
1190 447 1269 490 ego
1302 436 1389 477 inm
1416 438 1491 481 hic
1520 447 1611 482 ero}
1736 415 1739 425 μ

209 506 294 545 Dic
320 505 509 552 Callicli,
545 518 615 544 me
644 516 692 545 vt
720 507 966 546 conueniat.
1027 508 1095 548 Sr.
1130 509 1249 562 Quin
1280 519 1329 551 tu
1361 514 1378 551 i
1405 514 1559 558 modo!

212 581 296 622 La.
323 583 389 622 De
413 580 512 622 dote
539 590 587 620 vt
610 580 768 627 videat,
796 581 901 636 quid
930 595 1040 635 opus
1065 584 1112 622 fit
1136 582 1264 626 facto.
1323 587 1392 629 δῖ’.
1423 590 1443 629 1
1467 572 1623 633 modo!

211 657 296 698 Ln.
334 656 444 697 Nam
475 655 710 702 certum’st‚
740 669 817 720 με
847 656 933 695 fine
960 656 1063 698 dote
1086 659 1200 700 haud
1241 660 1354 703 dare.
1413 663 1485 705 Sr-
1513 665 1632 722 Quin
1658 680 1708 711 tu

1088 730 1105 768 i
1131 729 1288 771 modo!

209 804 294 846 Lu.
328 781 623 860 Neque'enim
653 802 719 841 illi
751 801 910 843 damno
938 816 1146 860 vmquam
1176 804 1256 846 ess'e
1284 809 1490 862 patiat—
1532 811 1602 852 Sr.
1622 812 1705 853 Abi

1090 875 1248 918 modo!
1626 887 1701 933 185

207 943 291 1001 1233.
321 941 464 980 Meam
490 941 812 996 negligentiam.
873 941 943 982 ST.
974 944 994 984 Ι
1023 943 1178 986 modo!
1236 946 1319 986 La.
1349 946 1387 988 O
1415 946 1556 1003 pater!

205 1018 403 1073 Aequum
433 1016 617 1064 videtur,
649 1019 771 1073 quin,
799 1017 917 1071 quod
941 1019 1168 1073 peccarim,
1198 1042 1255 1052 —-
1291 1022 1360 1062 Sr.
1391 1024 1410 1062 1
1435 1023 1591 1065 modo!

206 1094 290 1134 LE.
319 1092 599 1133 Potiffumum
628 1093 739 1132 mihi
761 1091 806 1131 id
837 1093 955 1133 obiit.
998 1095 1108 1135 8121
1131 1095 1288 1137 modo!
1332 1097 1413 1138 LE.
1442 1098 1479 1139 0
1505 1096 1646 1154 pater!

204 1168 272 1207 En
299 1181 517 1222 vmquam‘
535 1166 765 1222 adspiciam
783 1167 859 1207 te?
904 1169 973 1209 Sr.
1002 1170 1022 1209 Ι
1047 1171 1193 1218 modo,
1226 1173 1241 1210 i
1268 1171 1416 1220 modo,
1447 1175 1463 1213 i
1491 1174 1644 1216 modo!

201 1243 401 1283 Tandem
430 1244 668 1298 inpetraui,
699 1244 846 1284 abiret.
897 1244 956 1282 Di
981 1244 1163 1286 vostram
1192 1245 1337 1294 fidem,
1622 1263 1702 1303 ¹90

201 1319 371 1374 Edepol
403 1332 448 1357 re
481 1317 587 1373 gesta
613 1318 802 1373 pessume
831 1316 994 1373 gestam»
1017 1320 1165 1374 probe,

202 1395 431 1450 Siquidem
466 1407 562 1449 ager
591 1394 716 1434 nobis
747 1393 885 1433 saluos
917 1391 994 1432 est!
1035 1395 1106 1434 etsi
1136 1394 1369 1441 admodum

198 1472 251 1511 In
281 1470 484 1524 ambiguo
514 1468 569 1508 est
597 1470 748 1514 etiam,
780 1481 898 1507 nunc
929 1466 1037 1522 quid
1065 1468 1118 1509 de
1144 1470 1224 1510 hac
1262 1486 1306 1513 re
1337 1474 1442 1517 fuat.

198 1545 284 1586 Sed
314 1546 341 1584 fi
375 1546 605 1589 alienatur,
638 1542 827 1583 actum'st
858 1541 910 1583 de
936 1544 1048 1584 collo
1071 1557 1185 1586 meo.

198 1619 432 1661 Gestandus
461 1632 638 1674 peregre
667 1620 856 1672 clypeus,
888 1619 1019 1673 galea,
1049 1617 1239 1661 sarcina:
1614 1640 1708 1682 195¹

194 1694 387 1750 Effugiet
415 1707 466 1734 ex
494 1696 621 1741 vrbe,
659 1694 735 1734 vbi
766 1703 896 1733 erunt
930 1693 1066 1736 factae
1093 1697 1300 1750 nuptiae:

193 1772 278 1818 Ibit
312 1770 410 1810 istac
440 1771 583 1824 aliquo
614 1771 661 1808 in
691 1782 937 1808 maxumam
963 1770 1121 1810 malam
1147 1784 1320 1812 crucem

190 1847 542 1891 Latrocinatum,
576 1853 650 1885 aut
678 1845 723 1882 in
754 1844 914 1890 Afiam,
945 1853 1018 1884 aut
1045 1847 1091 1884 in
1120 1845 1335 1886 Ciliciam.

106 1904 109 1907 ¹
190 1921 268 1961 Ibo
296 1922 407 1965 huc,
443 1934 529 1975 quo
559 1920 668 1959 mihi
699 1917 1025 1973 imperatum'st‚
1065 1919 1135 1959 etfi
1171 1920 1246 1959 odi
1270 1921 1383 1963 hanc
1405 1921 1599 1974 domum,

189 1994 416 2051 Postquam
445 1995 688 2037 exturbauit
711 1994 785 2032 hic
815 2005 895 2034 nos
927 2006 978 2033 ex
1008 1992 1158 2034 nostris
1188 1994 1381 2037 aedibus.
1560 2035 1566 2038 ,
1607 2015 1685 2044 200

490 2143 777 2186 ACTVS
833 2144 927 2184 III.
997 2144 1281 2188 SCENA
1334 2149 1370 2189 1.

633 2245 931 2285 eumenus,
978 2245 1245 2278 s‘rasnvws.

238 2331 341 2388 Quo
368 2332 502 2374 modo
526 2340 577 2373 tu
606 2330 731 2378 istuc,
775 2330 969 2380 Stafime,
1008 2330 1176 2372 dixisti?
1238 2333 1310 2373 Sr.
1339 2330 1539 2376 Nostrum
1571 2336 1681 2378 heri-
1735 2323 1742 2332 Γ

1063 2400 1150 2439 lem
1176 2398 1312 2439 filiurn

180 2471 473 2512 Lesbonicum
504 2470 620 2511 suam
651 2471 835 2512 fororem
865 2468 1208 2523 despopondiss'e5
1238 2471 1324 2510 hoc
1351 2470 1499 2512 modo.

186 2546 272 2587 CA.
300 2545 418 2600 Quo‘i
438 2546 609 2587 homini
635 2543 896 2600 despondit?
936 2545 1006 2584 ST.
1035 2544 1227 2596 Lysiteli,
1260 2545 1475 2586 Philtonis
1511 2545 1617 2594 filio,

179 2620 283 2661 Sine
309 2620 422 2662 dote.
468 2621 556 2663 CA.
585 2621 686 2659 Sine
713 2619 814 2660 dote
841 2621 914 2659 ille
938 2619 1057 2658 illam
1083 2619 1131 2657 in
1161 2628 1298 2660 tantas
1324 2619 1502 2661 diuitias
1525 2621 1674 2664 dabit?

177 2694 278 2737 Non
306 2694 513 2754 credibile
540 2695 662 2737 dicis.
720 2698 793 2738 ST.
827 2696 883 2737 At
910 2706 958 2737 tu
987 2694 1141 2750 edepol
1172 2697 1318 2737 nullus
1350 2696 1536 2738 creduas.
1644 2711 1667 2748 5
