1742 2924
145 166 247 211 226·
763 173 1034 236 casiNAE'

142 285 264 325 Meas
288 284 482 340 fortunas
511 298 561 327 eo
592 285 784 341 questum
817 282 1080 327 ad‘vicinas.

145 361 229 403 Sed
262 360 368 401 foris
398 362 661 415 concrepuit.
695 372 821 415 atque
852 375 898 416 ea
927 361 1014 415 ipsa
1044 364 1190 419 eccam
1218 358 1432 416 egreditur
1595 367 1648 413 ις
1703 398 1710 403 .

143 437 284 479 Foras.
317 450 407 478 non
434 438 507 492 pol
538 450 614 492 per
643 447 815 492 tempus
847 439 926 477 iter
956 439 1066 477 mihi
1095 439 1254 493 incepi.

424 624 741 666 ACTVS
800 627 863 666 11.
934 626 1253 667 SCENA
1308 627 1375 666 ΙΙ.

547 731 862 775 ΜνιῑΡιΗῙΝΛ,
905 736 1250 766 ειΕοεΤΒΛΤΑ.

195 820 441 874 Sequimini
475 811 652 860 comites
682 822 728 859 in
758 834 1014 875 proxumum
1045 835 1115 861 me
1143 823 1245 862 huc.

144 896 265 937 Heus
291 909 384 935 vos.
417 897 563 949 ecquis
593 897 699 935 haec
727 892 838 951 q'uae
869 896 1019 951 loquar
1049 895 1203 938 audit?
1236 891 1315 951 ego
1344 895 1417 935 hic
1449 906 1536 938 ero,

141 974 215 1012 Vir
247 971 275 1011 fi
308 981 381 1010 aut
414 972 627 1025 quispiam
658 981 845 1025 quaeret.
888 985 991 1011 nam
1016 973 1091 1012 vbi
1121 973 1242 1013 domi
1273 971 1356 1012 [ola
1386 969 1493 1014 sum,

143 1048 283 1103 Sopor
314 1060 466 1086 manus
501 1046 698 1086 caluitur.
730 1044 868 1086 iuss'm'
901 1051 1045 1089 colum

139 1123 256 1163 Ferri
288 1121 432 1167 mihi?
488 1123 567 1163 CL.
603 1123 831 1162 Mur-rhina
864 1117 992 1164 famei
1042 1127 1144 1165 MV.
1177 1123 1302 1164 Salue
1503 1114 1507 1115 ’
1624 1130 1646 1167 5

139 1198 362 1238 Mecastor.
396 1197 467 1237 sed
498 1198 603 1253 quid
638 1206 686 1237 tu
721 1211 764 1237 es
796 1198 939 1245 tristis,
971 1200 1157 1239 amabo?
1403 1184 1405 1188 ἢ
1440 1199 1446 1201 ’

147 1276 228 1317 CL.
259 1275 320 1313 Ita
351 1273 488 1313 solent
515 1285 666 1314 omnes
694 1287 803 1329 quae
834 1272 931 1314 sunt
962 1275 1073 1314 male
1103 1283 1277 1329 nuptae,

140 1351 275 1390 Domi
309 1357 352 1389 et
379 1347 483 1387 foris
514 1362 637 1403 aegre
671 1348 790 1402 quod
819 1350 893 1394 fit‚·
932 1348 1028 1389 satis
1059 1346 1222 1403 semper
1250 1348 1318 1388 est.

142 1426 257 1466 Nam
279 1423 494 1478 ego-ibam
518 1423 573 1462 ad
595 1434 650 1463 te.
684 1426 787 1464 MV.
807 1425 862 1464 Et
883 1424 958 1479 pol
980 1438 1058 1479 ego
1081 1423 1186 1464 istuc
1205 1423 1258 1462 ad
1280 1433 1333 1464 te.
1360 1421 1430 1464 sed
1453 1424 1559 1480 quid
1577 1424 1647 1471 est,'

114 1553 117 1556 y
140 1499 276 1554 Quod
307 1510 383 1539 tuo
414 1511 532 1539 nunc
561 1491 708 1539 ani'rno
735 1513 855 1555 aegre
891 1499 977 1540 est?
1008 1514 1108 1539 nam
1135 1499 1253 1553 quod
1281 1500 1363 1538 tibi
1389 1499 1446 1538 est
1599 1517 1651 1544 10

140 1578 297 1631 Aegre,
329 1573 446 1612 idem
471 1575 583 1614 mihi
614 1574 669 1612 est
698 1573 903 1616 diuidiae.
971 1576 1050 1617 CL.
1084 1574 1223 1615 Credo
1250 1573 1432 1614 ecastor:
1463 1620 1465 1622 ¹

138 1651 252 1691 Nam
282 1650 472 1690 vicinam
502 1652 723 1690 neminem
758 1665 854 1691 amo
890 1635 1041 1691 merito
1073 1651 1234 1705 magis,
1273 1660 1402 1703 quam
1432 1658 1498 1690 te:

136 1725 230 1766 Nec
262 1739 345 1779 qua
376 1737 477 1763 cnm
502 1726 621 1778 plura
650 1725 748 1766 sunt
776 1727 910 1772 mihi,
952 1739 1059 1781 quae
1089 1738 1169 1780 ego
1197 1725 1343 1764 velim.

139 1804 242 1843 MV.
277 1802 386 1841 Amo
418 1809 480 1847 te,
514 1811 640 1856 atque
671 1801 775 1842 istuc
802 1810 955 1855 expeto
987 1799 1091 1840 [cire
1122 1799 1228 1856 qnid
1259 1800 1319 1839 fit.

143 1879 225 1920 CL.
255 1878 328 1917 Vir
358 1889 428 1915 me
458 1877 587 1916 habet
619 1877 822 1931 pess'umis
854 1876 1112 1931 despit-atam
1145 1875 1302 1921 modis,
1594 1888 1643 1924 15

132 1952 229 1996 Nec
251 1952 363 1991 mihi
395 1954 466 1990 ius
491 1963 642 1991 meum
672 1951 900 1991 obtinendi
931 1953 1050 2006 optio
1079 1951 1148 1991 elt.

137 2029 241 2080 MV.
264 2027 392 2072 Hem,
424 2026 531 2081 quid
557 2025 644 2065 est‘?
675 2027 745 2065 dic
772 2026 887 2066 idem
917 2028 1023 2067 hoc:
1063 2039 1161 2066 nam
1183 2025 1257 2093 pol
1274 2022 1391 2063 haud
1420 2022 1518 2063 satis
1540 2034 1639 2063 meo
1667 2051 1669 2053 -

137 2103 277 2145 Corde
306 2103 458 2156 adcepi
484 2102 678 2156 querelas
712 2110 826 2147 tuas,
865 2102 1054 2142 obsecro.

141 2181 221 2222 CL.
251 2180 323 2219 Vir
353 2192 423 2217 me
454 2178 584 2217 habet
616 2176 817 2231 peffumis
848 2175 1105 2229 despiczssam
1134 2174 1292 2216 modis.

133 2258 236 2296 MV.
268 2254 381 2293 Mira
411 2251 529 2296 sunt,
565 2265 662 2290 vera
695 2252 720 2289 fi
752 2249 985 2306 praedicas.
1015 2263 1115 2290 nam
1142 2250 1227 2288 viri
1586 2267 1647 2295 20·

128 2330 197 2368 lus
229 2329 353 2369 suum
384 2327 437 2368 ad
464 2327 665 2367 mulieres
702 2328 898 2367 obtinere
924 2326 1040 2366 haud
1063 2334 1250 2378 queunt.

135 2406 215 2446 CL.
243 2403 368 2457 Quin
398 2403 509 2458 mibi
530 2403 778 2441 ancillulam
801 2403 979 2456 ingratis
1009 2398 1091 2454 pos
1114 2400 1202 2443 ilat,
1237 2410 1345 2452 quae
1378 2384 1470 2438 mea
1509 2397 1578 2446 est,

138 2479 262 2533 Quae
291 2492 392 2519 meo
423 2474 807 2531 educatasumptu
837 2476 914 2523 est,
946 2408 1199 2514 vilricoz‘fuo
1234 2471 1272 2512 se
1303 2473 1401 2512 dare
1426 2496 1482 2503 --

125 2554 210 2594 Sed
228 2578 264 2584 —
292 2554 406 2608 ipsus
433 2565 526 2592 eam
551 2551 684 2592 amat!
725 2554 824 2592 llltr.
846 2551 1030 2592 Obsecro
1053 2558 1157 2587 tace.
1190 2549 1268 2589 CL.
1287 2548 1395 2586 Nam
1414 2549 1487 2587 hic
1513 2559 1630 2589 nunc

118 2628 241 2670 Licet
265 2630 408 2669 dicere
428 2653 464 2658 —-
487 2640 565 2678 noe
587 2626 730 2666 sumus
753 2651 788 2657 -
815 2629 916 2666 MV,
935 2627 993 2665 lta
1021 2624 1089 2663 est.
1104 2648 1139 2654 —
1158 2623 1273 2663 vnde
1294 2635 1338 2663 ea
1361 2623 1438 2663 tibi
1460 2617 1548 2663 est?
1578 2638 1639 2674 251

116 2705 227 2745 Nam
261 2705 407 2761 peculi
441 2702 621 2760 probam
648 2703 763 2756 nihil
793 2702 950 2743 habere
980 2699 1157 2740 addecet
