1742 2924
219 186 312 230 720
811 184 1131 221 avnssNTis

503 289 793 334 Ac‘rvs
852 293 915 335 11.
996 292 1288 336 SCENA
1354 292 1435 336 1v.

644 391 955 434 sommi-110,
990 391 1306 427 AMPELxscA.

271 491 384 547 Quia
410 489 480 538 est,
509 491 588 546 quiv
610 489 762 532 nostris
797 498 886 532 tam
908 498 1112 546 proterve
1143 492 1309 534 foribus
1349 493 1452 535 facit
1483 489 1721 535 iniuriam?

209 572 309 621 ΑΜ.
331 567 421 623 Ego
457 566 564 607 sum.
624 568 691 607 Sc.
725 566 862 614 Hem,
897 566 1004 624 quid
1032 568 1118 609 hoc
1151 566 1258 608 boni
1292 566 1381 610 est?
1425 570 1534 615 heu,
1565 566 1722 624 edepol

1097 635 1239 691 specie
1267 639 1409 693 lepida
1437 636 1619 679 mulier!

215 715 307 754 Am.
349 711 497 759 Salue‚
547 709 807 753 adolescens.
881 710 947 752 Sc.
988 711 1044 751 Et
1091 722 1136 753 tu
1169 714 1357 754 multum
1395 714 1586 760 salueto,
1621 711 1721 755 ado·

1097 779 1343 828 lescentula.

212 860 306 899 Am.
335 854 399 896 Ad
422 867 502 897 vos
535 854 680 896 venio.
742 855 808 897 Sc.
835 851 1061 911 Adcipiam
1097 855 1299 913 hospitio,
1331 859 1358 900 fi
1393 872 1495 902 mox
1524 859 1664 906 venis.

209 934 320 973 ltem
349 943 397 972 vt
427 930 662 972 adfectam:
693 944 793 971 nam
827 943 946 971 nunc
977 932 1089 973 nihil
1119 932 1176 973 est
1208 938 1284 990 qui
1316 945 1358 976 te
1389 936 1579 975 inanem.
1697 945 1717 984 ς

208 1007 292 1047 Sed
311 1006 417 1062 quid
436 1007 510 1052 ais,
528 1019 624 1047 mea
645 1004 800 1062 lepida,
819 1006 985 1047 hilara?
1010 1013 1105 1050 AM.
1119 1010 1224 1057 Aha,
1242 1012 1432 1052 nimium
1451 990 1720 1050 familiariter

205 1083 281 1124 Me
321 1081 543 1123 aduectas.
604 1083 669 1122 Sc.
699 1082 784 1123 Pro
819 1081 865 1121 di
904 1082 1178 1132 inmortales,
1219 1084 1398 1127 Veneris
1440 1083 1582 1142 effigia
1610 1071 1718 1125 haee

1097 1156 1281 1210 quidem
1305 1155 1382 1195 est.-

205 1233 261 1273 Vt
288 1233 335 1272 in
364 1232 512 1272 ocellis
540 1229 780 1271 hilaritudo
811 1226 890 1271 est!
931 1231 1020 1278 eia,
1054 1244 1209 1286 corpus
1240 1233 1393 1285 quoius
1424 1225 1567 1270 modi!

205 1308 562 1354 Subuolturium3
596 1306 705 1346 illud
732 1305 924 1360 quidem,
956 1306 1230 1362 subaquilum
1257 1307 1381 1347 volui
1410 1305 1565 1345 dicere.

202 1385 279 1426 Vel
299 1383 483 1439 papillae
505 1381 663 1438 quoius
688 1380 834 1422 modi!
867 1391 959 1422 tum
990 1394 1100 1438 quae
1126 1381 1295 1421 indoles
1326 1382 1372 1421 in
1399 1382 1517 1421 [auio
1541 1376 1630 1419 est?
1665 1389 1714 1418 ιο

204 1465 299 1504 ΛΜ.
334 1460 436 1513 Non
480 1471 560 1512 ego
604 1458 698 1497 sum
739 1458 932 1512 pollucta
970 1471 1095 1513 pago.
1138 1457 1276 1511 potin'
1313 1464 1362 1497 vt
1401 1467 1472 1495 me
1500 1455 1714 1495 abstinea-

1089 1523 1302 1566 manum?

201 1608 270 1648 Sc.
297 1605 401 1646 Non
433 1604 536 1643 licet
563 1611 605 1643 te
634 1602 739 1643 sicce
768 1599 937 1657 placide
964 1601 1121 1642 bellam
1156 1602 1268 1641 belle
1299 1600 1508 1656 tangere?

202 1688 298 1726 Am.
321 1683 472 1724 Otium
494 1678 580 1719 vbi·
598 1677 692 1724 erit,
722 1684 816 1718 tum
846 1677 928 1717 tibi
955 1689 1129 1730 operam
1159 1674 1267 1717 ludo
1293 1686 1336 1717 et
1368 1672 1551 1719 deliciae
1575 1675 1711 1718 dabo:

199 1757 344 1804 Nunc,
373 1756 656 1814 quamobrem
682 1754 770 1794 huc
798 1751 892 1793 sum
919 1751 1052 1799 miffa,
1083 1751 1251 1798 amabo,
1290 1751 1360 1791 vel
1386 1761 1435 1791 tu
1465 1752 1578 1792 mihi
1607 1752 1711 1799 aias,

1088 1822 1160 1862 vel
1190 1833 1335 1877 neges.

201 1901 266 1944 Sc.
294 1900 416 1957 Quid
445 1912 567 1940 nunc
597 1897 696 1940 vis?
757 1900 848 1939 Am.
879 1895 1074 1953 Sapienti
1096 1892 1302 1943 ornatus,
1332 1894 1438 1951 quid
1463 1895 1613 1943 velim,
1645 1897 1709 1938 in·

1088 1966 1255 2006 dicium
1286 1962 1400 2006 facit.
1659 1979 1705 2018 ις

198 2047 265 2089 Sc.
293 2045 422 2094 Meus
460 2056 634 2100 quoque
665 2043 740 2084 hic
779 2039 964 2099 sapienti
1005 2053 1204 2090 ornatus,
1251 2041 1357 2096 quid
1391 2042 1551 2089 velim,
1595 2041 1708 2082 indi·

1080 2115 1196 2153 cium
1233 2110 1349 2152 facit.

197 2201 292 2239 ΛΜ.
312 2193 429 2235 Haec
450 2190 644 2234 sacerdos
655 2190 834 2233 Veneris
851 2189 957 2231 hinc
976 2202 1046 2231 me
1062 2199 1209 2246 petere
1227 2183 1340 2226 iussit
1356 2199 1377 2226 a
1395 2183 1520 2227 vobis
1539 2196 1707 2241 aquam.

197 2274 262 2311 Sc.
294 2272 346 2311 At
375 2285 456 2325 ego
486 2269 683 2308 bafilicus
711 2268 825 2308 sum:
863 2278 992 2322 quem
1020 2265 1097 2305 nifi
1129 2276 1236 2307 oras.
1263 2269 1427 2316 guttam
1459 2273 1550 2301 non
1578 2258 1701 2302 feres.

194 2345 343 2388 Nostro
376 2346 503 2385 illim
536 2355 720 2398 puteum
752 2342 943 2398 periculo
974 2351 1017 2382 et
1043 2338 1317 2381 ferramentis
1347 2333 1553 2375 fodimus.

194 2420 281 2463 Nili
309 2421 459 2462 multis
489 2419 726 2464 blanditiis,
757 2431 779 2458 a
810 2430 883 2457 me
913 2425 1032 2472 gutta
1064 2426 1156 2454 non
1185 2411 1287 2453 ferri
1318 2408 1466 2465 potest.
1652 2422 1704 2450 ιο

198 2503 289 2541 ΑΜ.
325 2495 414 2537 Cur
443 2507 491 2537 tu
524 2508 677 2549 aquam
706 2507 899 2550 granam,
930 2491 1097 2535 amabo,
1127 2501 1256 2543 quam
1286 2483 1416 2525 hostis
1439 2474 1553 2526 ‘hosti
1586 2496 1700 2524 com·

1078 2556 1255 2597 modat?

195 2645 259 2684 Sc.
282 2642 372 2683 Cur
395 2651 442 2681 tu
467 2650 639 2693 operam
665 2649 844 2692 grauate
865 2634 990 2680 mihi,
1010 2645 1138 2688 quam
1167 2631 1275 2672 ciuis
1302 2630 1390 2669 ciui
1419 2627 1700 2670 commodat?

196 2720 441 2759 An1·.hmn0
467 2714 597 2754 etiam
619 2713 712 2760 tibi,
735 2725 830 2751 mea
848 2711 1062 2764 voluptas,
1080 2719 1189 2762 quae
1208 2707 1341 2752 voles,
1358 2704 1513 2746 faciam
1534 2705 1695 2745 omnia.
