<?xml version="1.0" encoding="UTF-8"?>
<!DOCTYPE html PUBLIC "-//W3C//DTD XHTML 1.0 Transitional//EN"
    "http://www.w3.org/TR/xhtml1/DTD/xhtml1-transitional.dtd">
<html xmlns="http://www.w3.org/1999/xhtml" xml:lang="en" lang="en">
 <head>
  <title>
</title>
<meta http-equiv="Content-Type" content="text/html;charset=utf-8" />
  <meta name='ocr-system' content='tesseract 3.04.00' />
  <meta name='ocr-capabilities' content='ocr_page ocr_carea ocr_par ocr_line ocrx_word'/>
</head>
<body>
  <div class='ocr_page' id='page_1' title='image "./commentariusperp02plauuoft_0642.png"; bbox 0 0 1742 2924; ppageno 0'>
   <div class='ocr_carea' id='block_1_1' title="bbox 149 168 1058 223">
    <p class='ocr_par' dir='ltr' id='par_1_1' title="bbox 149 168 1058 223">
     <span class='ocr_line' id='line_1_1' title="bbox 149 168 1058 223; baseline 0 -10"><span class='ocrx_word' id='word_1_1' title='bbox 149 168 243 223; x_wconf 81' lang='lat'><strong>638</strong></span> <span class='ocrx_word' id='word_1_2' title='bbox 613 195 615 197; x_wconf 96' lang='lat'>-</span> <span class='ocrx_word' id='word_1_3' title='bbox 779 176 1058 213; x_wconf 68' lang='lat' dir='ltr'><strong>roenvtt</strong></span> 
     </span>
    </p>
   </div>
   <div class='ocr_carea' id='block_1_2' title="bbox 143 284 1663 569">
    <p class='ocr_par' dir='ltr' id='par_1_2' title="bbox 143 284 1663 569">
     <span class='ocr_line' id='line_1_2' title="bbox 147 284 1663 342; baseline 0.007 -19"><span class='ocrx_word' id='word_1_4' title='bbox 147 290 237 331; x_wconf 70' lang='lat' dir='ltr'><strong>Ly.</strong></span> <span class='ocrx_word' id='word_1_5' title='bbox 252 286 373 342; x_wconf 87' lang='lat' dir='ltr'><strong>Quin</strong></span> <span class='ocrx_word' id='word_1_6' title='bbox 393 284 566 339; x_wconf 80' lang='lat' dir='ltr'><strong>sequere</strong></span> <span class='ocrx_word' id='word_1_7' title='bbox 575 288 649 324; x_wconf 71' lang='lat' dir='ltr'><strong>ine</strong></span> <span class='ocrx_word' id='word_1_8' title='bbox 667 296 782 338; x_wconf 88' lang='lat' dir='ltr'><strong>ergo.</strong></span> <span class='ocrx_word' id='word_1_9' title='bbox 809 285 888 326; x_wconf 84' lang='lat' dir='ltr'><strong>Co.</strong></span> <span class='ocrx_word' id='word_1_10' title='bbox 902 284 1055 326; x_wconf 89' lang='lat' dir='ltr'><strong>Abduc</strong></span> <span class='ocrx_word' id='word_1_11' title='bbox 1071 288 1202 327; x_wconf 86' lang='lat' dir='ltr'><strong>intro.</strong></span> <span class='ocrx_word' id='word_1_12' title='bbox 1220 287 1440 338; x_wconf 86' lang='lat' dir='ltr'><strong>addictum</strong></span> <span class='ocrx_word' id='word_1_13' title='bbox 1459 299 1592 333; x_wconf 78' lang='lat' dir='ltr'><strong>tenes.</strong></span> <span class='ocrx_word' id='word_1_14' title='bbox 1613 305 1663 333; x_wconf 82' lang='grc' dir='ltr'><strong>ιο</strong></span> 
     </span>
     <span class='ocr_line' id='line_1_3' title="bbox 143 360 1548 420; baseline 0.006 -21"><span class='ocrx_word' id='word_1_15' title='bbox 143 365 236 408; x_wconf 82' lang='lat' dir='ltr'><strong>AG·</strong></span> <span class='ocrx_word' id='word_1_16' title='bbox 268 361 390 415; x_wconf 84' lang='lat' dir='ltr'><strong>Quid</strong></span> <span class='ocrx_word' id='word_1_17' title='bbox 419 371 541 400; x_wconf 88' lang='lat' dir='ltr'><strong>nunc</strong></span> <span class='ocrx_word' id='word_1_18' title='bbox 567 360 680 399; x_wconf 83' lang='lat' dir='ltr'><strong>mihi</strong></span> <span class='ocrx_word' id='word_1_19' title='bbox 710 369 905 399; x_wconf 80' lang='lat' dir='ltr'><strong>auctores</strong></span> <span class='ocrx_word' id='word_1_20' title='bbox 934 360 1061 402; x_wconf 72' lang='lat' dir='ltr'><strong>estis?</strong></span> <span class='ocrx_word' id='word_1_21' title='bbox 1115 363 1213 404; x_wconf 82' lang='lat' dir='ltr'><strong>AD.</strong></span> <span class='ocrx_word' id='word_1_22' title='bbox 1236 364 1290 403; x_wconf 88' lang='lat' dir='ltr'><strong>Vt</strong></span> <span class='ocrx_word' id='word_1_23' title='bbox 1317 362 1431 420; x_wconf 85' lang='lat' dir='ltr'>frugi</span> <span class='ocrx_word' id='word_1_24' title='bbox 1459 368 1548 408; x_wconf 73' lang='lat' dir='ltr'><strong>fies.</strong></span> 
     </span>
     <span class='ocr_line' id='line_1_4' title="bbox 144 433 1527 492; baseline 0.006 -16"><span class='ocrx_word' id='word_1_25' title='bbox 144 440 235 483; x_wconf 76' lang='lat' dir='ltr'><strong>Ao.</strong></span> <span class='ocrx_word' id='word_1_26' title='bbox 270 436 392 492; x_wconf 86' lang='lat' dir='ltr'><strong>Quid</strong></span> <span class='ocrx_word' id='word_1_27' title='bbox 419 437 445 474; x_wconf 84' lang='lat' dir='ltr'><strong>fi</strong></span> <span class='ocrx_word' id='word_1_28' title='bbox 476 435 646 474; x_wconf 84' lang='lat' dir='ltr'><strong>animus</strong></span> <span class='ocrx_word' id='word_1_29' title='bbox 678 433 758 474; x_wconf 80' lang='lat' dir='ltr'><strong>efl&#39;e</strong></span> <span class='ocrx_word' id='word_1_30' title='bbox 789 447 880 475; x_wconf 89' lang='lat' dir='ltr'><strong>non</strong></span> <span class='ocrx_word' id='word_1_31' title='bbox 910 436 1041 477; x_wconf 77' lang='lat' dir='ltr'><strong>finit?</strong></span> <span class='ocrx_word' id='word_1_32' title='bbox 1089 438 1182 480; x_wconf 73' lang='lat' dir='ltr'><strong>AD.</strong></span> <span class='ocrx_word' id='word_1_33' title='bbox 1212 439 1306 480; x_wconf 87' lang='lat' dir='ltr'><strong>Esto</strong></span> <span class='ocrx_word' id='word_1_34' title='bbox 1341 453 1389 483; x_wconf 84' lang='lat' dir='ltr'><strong>vt</strong></span> <span class='ocrx_word' id='word_1_35' title='bbox 1419 444 1527 485; x_wconf 86' lang='lat' dir='ltr'><strong>finit.</strong></span> 
     </span>
     <span class='ocr_line' id='line_1_5' title="bbox 145 510 1548 569; baseline 0.004 -14"><span class='ocrx_word' id='word_1_36' title='bbox 145 514 237 559; x_wconf 73' lang='lat' dir='ltr'><strong>Aa.</strong></span> <span class='ocrx_word' id='word_1_37' title='bbox 265 510 450 555; x_wconf 80' lang='lat' dir='ltr'><strong>Vidistis,</strong></span> <span class='ocrx_word' id='word_1_38' title='bbox 481 512 581 550; x_wconf 88' lang='lat' dir='ltr'><strong>leno</strong></span> <span class='ocrx_word' id='word_1_39' title='bbox 615 522 751 565; x_wconf 88' lang='lat' dir='ltr'><strong>quum</strong></span> <span class='ocrx_word' id='word_1_40' title='bbox 781 523 937 550; x_wconf 86' lang='lat' dir='ltr'><strong>aurum</strong></span> <span class='ocrx_word' id='word_1_41' title='bbox 966 512 1170 569; x_wconf 77' lang='lat' dir='ltr'><strong>adcepit?</strong></span> <span class='ocrx_word' id='word_1_42' title='bbox 1217 514 1315 557; x_wconf 82' lang='lat' dir='ltr'><strong>AD.</strong></span> <span class='ocrx_word' id='word_1_43' title='bbox 1338 516 1548 560; x_wconf 82' lang='lat' dir='ltr'><strong>Vidimus.</strong></span> 
     </span>
    </p>
   </div>
   <div class='ocr_carea' id='block_1_3' title="bbox 145 584 1742 635">
    <p class='ocr_par' dir='ltr' id='par_1_3' title="bbox 145 584 1742 635">
     <span class='ocr_line' id='line_1_6' title="bbox 145 584 1742 635; baseline 0.004 -6"><span class='ocrx_word' id='word_1_44' title='bbox 145 588 236 634; x_wconf 80' lang='lat' dir='ltr'><strong>Ac.</strong></span> <span class='ocrx_word' id='word_1_45' title='bbox 265 589 378 628; x_wconf 88' lang='lat' dir='ltr'><strong>Eum</strong></span> <span class='ocrx_word' id='word_1_46' title='bbox 412 599 492 626; x_wconf 85' lang='lat' dir='ltr'><strong>vos</strong></span> <span class='ocrx_word' id='word_1_47' title='bbox 527 584 607 624; x_wconf 80' lang='lat' dir='ltr'><strong>effe</strong></span> <span class='ocrx_word' id='word_1_48' title='bbox 638 597 789 625; x_wconf 85' lang='lat' dir='ltr'><strong>meum</strong></span> <span class='ocrx_word' id='word_1_49' title='bbox 817 585 987 627; x_wconf 84' lang='lat' dir='ltr'><strong>seruom</strong></span> <span class='ocrx_word' id='word_1_50' title='bbox 1015 587 1165 631; x_wconf 75' lang='lat' dir='ltr'><strong>scitis?</strong></span> <span class='ocrx_word' id='word_1_51' title='bbox 1222 591 1319 633; x_wconf 75' lang='lat' dir='ltr'><strong>AD.</strong></span> <span class='ocrx_word' id='word_1_52' title='bbox 1349 593 1584 635; x_wconf 76' lang='lat' dir='ltr'><strong>Sciuirnus.</strong></span> <span class='ocrx_word' id='word_1_53' title='bbox 1726 607 1742 616; x_wconf 76' lang='grc'><strong>“</strong></span> 
     </span>
    </p>
   </div>
   <div class='ocr_carea' id='block_1_4' title="bbox 142 659 1675 1552">
    <p class='ocr_par' dir='ltr' id='par_1_4' title="bbox 144 659 1662 793">
     <span class='ocr_line' id='line_1_7' title="bbox 144 659 1662 722; baseline 0.006 -19"><span class='ocrx_word' id='word_1_54' title='bbox 144 668 236 711; x_wconf 82' lang='lat' dir='ltr'><strong>AG·</strong></span> <span class='ocrx_word' id='word_1_55' title='bbox 266 666 376 704; x_wconf 89' lang='lat' dir='ltr'><strong>Rem</strong></span> <span class='ocrx_word' id='word_1_56' title='bbox 405 659 612 703; x_wconf 80' lang='lat' dir='ltr'><strong>aduorsus</strong></span> <span class='ocrx_word' id='word_1_57' title='bbox 637 662 792 716; x_wconf 86' lang='lat' dir='ltr'><strong>populi</strong></span> <span class='ocrx_word' id='word_1_58' title='bbox 821 662 901 702; x_wconf 82' lang='lat' dir='ltr'><strong>effe</strong></span> <span class='ocrx_word' id='word_1_59' title='bbox 934 662 1081 717; x_wconf 74' lang='lat' dir='ltr'><strong>leges?</strong></span> <span class='ocrx_word' id='word_1_60' title='bbox 1130 664 1228 706; x_wconf 79' lang='lat' dir='ltr'><strong>An.</strong></span> <span class='ocrx_word' id='word_1_61' title='bbox 1259 667 1495 711; x_wconf 77' lang='lat' dir='ltr'><strong>Sciuimus.</strong></span> <span class='ocrx_word' id='word_1_62' title='bbox 1613 684 1662 722; x_wconf 78' lang='grc' dir='ltr'><strong>ις,</strong></span> 
     </span>
     <span class='ocr_line' id='line_1_8' title="bbox 144 736 1512 793; baseline 0.003 -12"><span class='ocrx_word' id='word_1_63' title='bbox 144 743 235 786; x_wconf 75' lang='lat' dir='ltr'><strong>AG·</strong></span> <span class='ocrx_word' id='word_1_64' title='bbox 267 740 405 785; x_wconf 85' lang='lat' dir='ltr'><strong>Hem,</strong></span> <span class='ocrx_word' id='word_1_65' title='bbox 448 736 571 777; x_wconf 85' lang='lat' dir='ltr'>istaec</span> <span class='ocrx_word' id='word_1_66' title='bbox 601 737 703 777; x_wconf 90' lang='lat' dir='ltr'><strong>volo</strong></span> <span class='ocrx_word' id='word_1_67' title='bbox 736 750 837 793; x_wconf 85' lang='lat' dir='ltr'><strong>ergo</strong></span> <span class='ocrx_word' id='word_1_68' title='bbox 869 751 947 778; x_wconf 88' lang='lat' dir='ltr'><strong>vos</strong></span> <span class='ocrx_word' id='word_1_69' title='bbox 979 742 1321 783; x_wconf 74' lang='lat' dir='ltr'><strong>commeminin&#39;e</strong></span> <span class='ocrx_word' id='word_1_70' title='bbox 1350 747 1512 793; x_wconf 89' lang='lat' dir='ltr'><strong>omnia,</strong></span> 
     </span>
    </p>

    <p class='ocr_par' dir='ltr' id='par_1_5' title="bbox 143 813 1661 948">
     <span class='ocr_line' id='line_1_9' title="bbox 145 813 1661 871; baseline 0.003 -12"><span class='ocrx_word' id='word_1_71' title='bbox 145 819 253 859; x_wconf 81' lang='lat' dir='ltr'><strong>Mox</strong></span> <span class='ocrx_word' id='word_1_72' title='bbox 283 828 419 871; x_wconf 86' lang='lat' dir='ltr'><strong>quum</strong></span> <span class='ocrx_word' id='word_1_73' title='bbox 451 813 504 852; x_wconf 81' lang='lat' dir='ltr'><strong>ad</strong></span> <span class='ocrx_word' id='word_1_74' title='bbox 534 813 782 854; x_wconf 83' lang='lat' dir='ltr'><strong>Praetorem</strong></span> <span class='ocrx_word' id='word_1_75' title='bbox 821 813 920 855; x_wconf 81' lang='lat' dir='ltr'><strong>vsus</strong></span> <span class='ocrx_word' id='word_1_76' title='bbox 961 817 1123 856; x_wconf 83' lang='lat' dir='ltr'><strong>veniet.</strong></span> <span class='ocrx_word' id='word_1_77' title='bbox 1183 815 1279 859; x_wconf 80' lang='lat' dir='ltr'><strong>An.</strong></span> <span class='ocrx_word' id='word_1_78' title='bbox 1311 818 1661 863; x_wconf 72' lang='lat' dir='ltr'><strong>Meminerimus.</strong></span> 
     </span>
     <span class='ocr_line' id='line_1_10' title="bbox 143 889 1456 948; baseline 0.005 -17"><span class='ocrx_word' id='word_1_79' title='bbox 143 893 235 938; x_wconf 77' lang='lat' dir='ltr'><strong>AG.</strong></span> <span class='ocrx_word' id='word_1_80' title='bbox 269 890 389 948; x_wconf 84' lang='lat' dir='ltr'><strong>Quid</strong></span> <span class='ocrx_word' id='word_1_81' title='bbox 421 891 448 929; x_wconf 89' lang='lat' dir='ltr'><strong>[i</strong></span> <span class='ocrx_word' id='word_1_82' title='bbox 483 891 648 931; x_wconf 89' lang='lat' dir='ltr'><strong>recenti</strong></span> <span class='ocrx_word' id='word_1_83' title='bbox 676 902 722 930; x_wconf 90' lang='lat' dir='ltr'><strong>re</strong></span> <span class='ocrx_word' id='word_1_84' title='bbox 754 889 872 930; x_wconf 86' lang='lat' dir='ltr'><strong>aedis</strong></span> <span class='ocrx_word' id='word_1_85' title='bbox 900 891 1101 946; x_wconf 73' lang='lat' dir='ltr'><strong>pultem?</strong></span> <span class='ocrx_word' id='word_1_86' title='bbox 1149 890 1247 933; x_wconf 77' lang='lat' dir='ltr'><strong>An.</strong></span> <span class='ocrx_word' id='word_1_87' title='bbox 1277 894 1456 937; x_wconf 81' lang='lat' dir='ltr'><strong>Censeo.</strong></span> 
     </span>
    </p>

    <p class='ocr_par' dir='ltr' id='par_1_6' title="bbox 143 965 1456 1025">
     <span class='ocr_line' id='line_1_11' title="bbox 143 965 1456 1025; baseline 0.001 -15"><span class='ocrx_word' id='word_1_88' title='bbox 143 973 235 1016; x_wconf 78' lang='lat' dir='ltr'><strong>Ao.</strong></span> <span class='ocrx_word' id='word_1_89' title='bbox 268 966 313 1008; x_wconf 88' lang='lat' dir='ltr'><strong>Si</strong></span> <span class='ocrx_word' id='word_1_90' title='bbox 345 968 529 1022; x_wconf 81' lang='lat' dir='ltr'><strong>pultem,</strong></span> <span class='ocrx_word' id='word_1_91' title='bbox 559 979 651 1007; x_wconf 90' lang='lat' dir='ltr'><strong>non</strong></span> <span class='ocrx_word' id='word_1_92' title='bbox 679 965 887 1008; x_wconf 82' lang='lat' dir='ltr'><strong>recludet.</strong></span> <span class='ocrx_word' id='word_1_93' title='bbox 938 966 1037 1008; x_wconf 74' lang='lat' dir='ltr'><strong>AD.</strong></span> <span class='ocrx_word' id='word_1_94' title='bbox 1065 967 1228 1008; x_wconf 87' lang='lat' dir='ltr'><strong>Panem</strong></span> <span class='ocrx_word' id='word_1_95' title='bbox 1254 967 1456 1025; x_wconf 83' lang='lat' dir='ltr'><strong>frangite.</strong></span> 
     </span>
    </p>

    <p class='ocr_par' dir='ltr' id='par_1_7' title="bbox 142 1041 1675 1552">
     <span class='ocr_line' id='line_1_12' title="bbox 143 1041 1675 1101; baseline -0.001 -14"><span class='ocrx_word' id='word_1_96' title='bbox 143 1048 236 1091; x_wconf 71' lang='lat' dir='ltr'><strong>Aa.</strong></span> <span class='ocrx_word' id='word_1_97' title='bbox 269 1046 315 1085; x_wconf 88' lang='lat' dir='ltr'><strong>Si</strong></span> <span class='ocrx_word' id='word_1_98' title='bbox 342 1043 494 1084; x_wconf 86' lang='lat' dir='ltr'><strong>exierit</strong></span> <span class='ocrx_word' id='word_1_99' title='bbox 529 1043 654 1088; x_wconf 90' lang='lat' dir='ltr'><strong>leno,</strong></span> <span class='ocrx_word' id='word_1_100' title='bbox 687 1041 870 1083; x_wconf 52' lang='lat' dir='ltr'><strong>censetis</strong></span> <span class='ocrx_word' id='word_1_101' title='bbox 901 1042 1127 1082; x_wconf 87' lang='lat' dir='ltr'><strong>hominem</strong></span> <span class='ocrx_word' id='word_1_102' title='bbox 1154 1045 1433 1101; x_wconf 80' lang='lat' dir='ltr'><strong>interrogem,</strong></span> <span class='ocrx_word' id='word_1_103' title='bbox 1615 1054 1675 1089; x_wconf 59' lang='lat'><strong>20¹&gt;</strong></span> 
     </span>
     <span class='ocr_line' id='line_1_13' title="bbox 142 1118 1610 1180; baseline 0.001 -17"><span class='ocrx_word' id='word_1_104' title='bbox 142 1123 274 1163; x_wconf 75' lang='lat' dir='ltr'><strong>Meus</strong></span> <span class='ocrx_word' id='word_1_105' title='bbox 302 1119 444 1160; x_wconf 80' lang='lat' dir='ltr'><strong>seruos</strong></span> <span class='ocrx_word' id='word_1_106' title='bbox 477 1118 504 1156; x_wconf 85' lang='lat' dir='ltr'><strong>fi</strong></span> <span class='ocrx_word' id='word_1_107' title='bbox 532 1119 585 1158; x_wconf 87' lang='lat' dir='ltr'><strong>ad</strong></span> <span class='ocrx_word' id='word_1_108' title='bbox 614 1126 726 1158; x_wconf 74' lang='lat' dir='ltr'><strong>eum&#39;</strong></span> <span class='ocrx_word' id='word_1_109' title='bbox 748 1120 942 1165; x_wconf 86' lang='lat' dir='ltr'><strong>venerit,</strong></span> <span class='ocrx_word' id='word_1_110' title='bbox 977 1132 1059 1158; x_wconf 72' lang='lat' dir='ltr'><strong>nec</strong></span> <span class='ocrx_word' id='word_1_111' title='bbox 1091 1119 1182 1159; x_wconf 74' lang='lat' dir='ltr'><strong>ne?</strong></span> <span class='ocrx_word' id='word_1_112' title='bbox 1232 1119 1324 1162; x_wconf 75' lang='lat' dir='ltr'><strong>An.</strong></span> <span class='ocrx_word' id='word_1_113' title='bbox 1359 1123 1610 1180; x_wconf 79' lang='lat' dir='ltr'><strong>Quippini‘?</strong></span> 
     </span>
     <span class='ocr_line' id='line_1_14' title="bbox 142 1192 1672 1255; baseline 0.003 -19"><span class='ocrx_word' id='word_1_114' title='bbox 142 1199 235 1244; x_wconf 78' lang='lat' dir='ltr'><strong>Ao.</strong></span> <span class='ocrx_word' id='word_1_115' title='bbox 270 1197 385 1237; x_wconf 88' lang='lat' dir='ltr'><strong>Cum</strong></span> <span class='ocrx_word' id='word_1_116' title='bbox 419 1194 514 1234; x_wconf 85' lang='lat' dir='ltr'><strong>auri</strong></span> <span class='ocrx_word' id='word_1_117' title='bbox 546 1193 746 1234; x_wconf 83' lang='lat' dir='ltr'><strong>ducentis</strong></span> <span class='ocrx_word' id='word_1_118' title='bbox 782 1196 974 1234; x_wconf 79' lang='lat' dir='ltr'><strong>nummis</strong></span> <span class='ocrx_word' id='word_1_119' title='bbox 1003 1195 1234 1251; x_wconf 76' lang='lat' dir='ltr'><strong>Philippis.</strong></span> <span class='ocrx_word' id='word_1_120' title='bbox 1290 1196 1387 1240; x_wconf 83' lang='lat' dir='ltr'><strong>AD.</strong></span> <span class='ocrx_word' id='word_1_121' title='bbox 1419 1192 1672 1255; x_wconf 64' lang='lat' dir='ltr'><strong>Quippini‘?</strong></span> 
     </span>
     <span class='ocr_line' id='line_1_15' title="bbox 143 1270 1669 1331; baseline 0.003 -18"><span class='ocrx_word' id='word_1_122' title='bbox 143 1274 234 1321; x_wconf 73' lang='lat' dir='ltr'><strong>AG·</strong></span> <span class='ocrx_word' id='word_1_123' title='bbox 262 1274 329 1314; x_wconf 84' lang='lat' dir='ltr'><strong>lbi</strong></span> <span class='ocrx_word' id='word_1_124' title='bbox 356 1271 577 1324; x_wconf 85' lang='lat' dir='ltr'><strong>externplo</strong></span> <span class='ocrx_word' id='word_1_125' title='bbox 605 1271 707 1309; x_wconf 83' lang='lat' dir='ltr'><strong>leno</strong></span> <span class='ocrx_word' id='word_1_126' title='bbox 735 1271 906 1310; x_wconf 84' lang='lat' dir='ltr'><strong>errabit.</strong></span> <span class='ocrx_word' id='word_1_127' title='bbox 953 1270 1044 1310; x_wconf 74' lang='lat' dir='ltr'><strong>AD.</strong></span> <span class='ocrx_word' id='word_1_128' title='bbox 1069 1270 1164 1324; x_wconf 87' lang='lat' dir='ltr'><strong>Qua</strong></span> <span class='ocrx_word' id='word_1_129' title='bbox 1188 1271 1241 1311; x_wconf 90' lang='lat' dir='ltr'><strong>de</strong></span> <span class='ocrx_word' id='word_1_130' title='bbox 1268 1272 1348 1312; x_wconf 76' lang='lat' dir='ltr'><strong>re?</strong></span> <span class='ocrx_word' id='word_1_131' title='bbox 1383 1273 1472 1315; x_wconf 72' lang='lat' dir='ltr'><strong>Aa.</strong></span> <span class='ocrx_word' id='word_1_132' title='bbox 1491 1275 1669 1331; x_wconf 76' lang='lat' dir='ltr'><strong>Rogas?</strong></span> 
     </span>
     <span class='ocr_line' id='line_1_16' title="bbox 147 1345 1551 1408; baseline -0.001 -17"><span class='ocrx_word' id='word_1_133' title='bbox 147 1353 264 1408; x_wconf 84' lang='lat' dir='ltr'><strong>Quia</strong></span> <span class='ocrx_word' id='word_1_134' title='bbox 295 1358 472 1388; x_wconf 80' lang='lat' dir='ltr'><strong>centum</strong></span> <span class='ocrx_word' id='word_1_135' title='bbox 496 1348 693 1385; x_wconf 84' lang='lat' dir='ltr'><strong>nummis</strong></span> <span class='ocrx_word' id='word_1_136' title='bbox 722 1346 867 1386; x_wconf 82' lang='lat' dir='ltr'><strong>minus</strong></span> <span class='ocrx_word' id='word_1_137' title='bbox 905 1345 1089 1386; x_wconf 87' lang='lat' dir='ltr'><strong>dicetur.</strong></span> <span class='ocrx_word' id='word_1_138' title='bbox 1142 1347 1236 1388; x_wconf 76' lang='lat' dir='ltr'><strong>AD.</strong></span> <span class='ocrx_word' id='word_1_139' title='bbox 1259 1347 1380 1389; x_wconf 87' lang='lat' dir='ltr'><strong>Bene</strong></span> <span class='ocrx_word' id='word_1_140' title='bbox 1410 1359 1551 1404; x_wconf 68' lang='lat' dir='ltr'><strong>putas,</strong></span> 
     </span>
     <span class='ocr_line' id='line_1_17' title="bbox 142 1420 1662 1476; baseline -0.002 -7"><span class='ocrx_word' id='word_1_141' title='bbox 142 1429 235 1473; x_wconf 69' lang='lat' dir='ltr'><strong>Aa.</strong></span> <span class='ocrx_word' id='word_1_142' title='bbox 267 1426 413 1467; x_wconf 74' lang='lat' dir='ltr'><strong>Alium</strong></span> <span class='ocrx_word' id='word_1_143' title='bbox 449 1420 644 1463; x_wconf 80' lang='lat' dir='ltr'><strong>censebit</strong></span> <span class='ocrx_word' id='word_1_144' title='bbox 678 1421 924 1476; x_wconf 78' lang='lat' dir='ltr'><strong>quaeritari.</strong></span> <span class='ocrx_word' id='word_1_145' title='bbox 986 1420 1080 1461; x_wconf 73' lang='lat' dir='ltr'><strong>An.</strong></span> <span class='ocrx_word' id='word_1_146' title='bbox 1115 1421 1305 1462; x_wconf 82' lang='lat' dir='ltr'><strong>Scilicet.</strong></span> <span class='ocrx_word' id='word_1_147' title='bbox 1613 1439 1662 1475; x_wconf 70' lang='grc' dir='ltr'><strong>ις</strong></span> 
     </span>
     <span class='ocr_line' id='line_1_18' title="bbox 144 1496 1351 1552; baseline -0.002 -12"><span class='ocrx_word' id='word_1_148' title='bbox 144 1503 237 1548; x_wconf 75' lang='lat' dir='ltr'><strong>Ao.</strong></span> <span class='ocrx_word' id='word_1_149' title='bbox 269 1499 498 1552; x_wconf 74' lang='lat' dir='ltr'><strong>Extemplo</strong></span> <span class='ocrx_word' id='word_1_150' title='bbox 528 1496 773 1550; x_wconf 82' lang='lat' dir='ltr'><strong>denegabit.</strong></span> <span class='ocrx_word' id='word_1_151' title='bbox 835 1496 931 1536; x_wconf 74' lang='lat' dir='ltr'><strong>An.</strong></span> <span class='ocrx_word' id='word_1_152' title='bbox 963 1496 1127 1535; x_wconf 82' lang='lat' dir='ltr'><strong>Iuratus</strong></span> <span class='ocrx_word' id='word_1_153' title='bbox 1159 1497 1351 1552; x_wconf 86' lang='lat' dir='ltr'><strong>quidem.</strong></span> 
     </span>
    </p>
   </div>
   <div class='ocr_carea' id='block_1_5' title="bbox 143 1569 1668 1681">
    <p class='ocr_par' dir='ltr' id='par_1_8' title="bbox 143 1569 1668 1681">
     <span class='ocr_line' id='line_1_19' title="bbox 143 1569 1668 1630; baseline -0.005 -9"><span class='ocrx_word' id='word_1_154' title='bbox 143 1570 236 1624; x_wconf 66' lang='lat' dir='ltr'><strong>Ab.</strong></span> <span class='ocrx_word' id='word_1_155' title='bbox 271 1577 418 1618; x_wconf 91' lang='lat' dir='ltr'>Homo</span> <span class='ocrx_word' id='word_1_156' title='bbox 444 1572 553 1613; x_wconf 86' lang='lat' dir='ltr'><strong>furti</strong></span> <span class='ocrx_word' id='word_1_157' title='bbox 580 1570 667 1612; x_wconf 80' lang='lat' dir='ltr'><strong>[ese</strong></span> <span class='ocrx_word' id='word_1_158' title='bbox 697 1569 941 1626; x_wconf 85' lang='lat' dir='ltr'><strong>adstringet.</strong></span> <span class='ocrx_word' id='word_1_159' title='bbox 999 1569 1097 1612; x_wconf 76' lang='lat' dir='ltr'><strong>An.</strong></span> <span class='ocrx_word' id='word_1_160' title='bbox 1126 1572 1258 1612; x_wconf 89' lang='lat' dir='ltr'><strong>Haud</strong></span> <span class='ocrx_word' id='word_1_161' title='bbox 1290 1574 1476 1614; x_wconf 86' lang='lat' dir='ltr'><strong>dubium</strong></span> <span class='ocrx_word' id='word_1_162' title='bbox 1503 1573 1548 1613; x_wconf 79' lang='lat' dir='ltr'><strong>id</strong></span> <span class='ocrx_word' id='word_1_163' title='bbox 1572 1575 1668 1630; x_wconf 80' lang='lat' dir='ltr'><strong>qui·</strong></span> 
     </span>
     <span class='ocr_line' id='line_1_20' title="bbox 1039 1639 1243 1681; baseline 0 -1"><span class='ocrx_word' id='word_1_164' title='bbox 1039 1641 1139 1680; x_wconf 90' lang='lat' dir='ltr'><strong>dem</strong></span> <span class='ocrx_word' id='word_1_165' title='bbox 1173 1639 1243 1681; x_wconf 85' lang='lat' dir='ltr'><strong>est.</strong></span> 
     </span>
    </p>
   </div>
   <div class='ocr_carea' id='block_1_6' title="bbox 99 1710 1666 2300">
    <p class='ocr_par' dir='ltr' id='par_1_9' title="bbox 139 1710 1666 1994">
     <span class='ocr_line' id='line_1_21' title="bbox 139 1710 1666 1769; baseline -0.007 -8"><span class='ocrx_word' id='word_1_166' title='bbox 139 1718 232 1762; x_wconf 66' lang='lat' dir='ltr'><strong>Aa.</strong></span> <span class='ocrx_word' id='word_1_167' title='bbox 253 1715 479 1768; x_wconf 84' lang='lat' dir='ltr'><strong>Quantum</strong></span> <span class='ocrx_word' id='word_1_168' title='bbox 499 1722 712 1767; x_wconf 87' lang='lat' dir='ltr'><strong>quantum</strong></span> <span class='ocrx_word' id='word_1_169' title='bbox 741 1711 795 1751; x_wconf 88' lang='lat' dir='ltr'><strong>ad</strong></span> <span class='ocrx_word' id='word_1_170' title='bbox 816 1723 918 1752; x_wconf 85' lang='lat' dir='ltr'><strong>eum</strong></span> <span class='ocrx_word' id='word_1_171' title='bbox 947 1710 1029 1749; x_wconf 89' lang='lat' dir='ltr'><strong>erit</strong></span> <span class='ocrx_word' id='word_1_172' title='bbox 1056 1710 1264 1752; x_wconf 85' lang='lat' dir='ltr'><strong>delatum.</strong></span> <span class='ocrx_word' id='word_1_173' title='bbox 1298 1710 1392 1753; x_wconf 73' lang='lat' dir='ltr'><strong>AD.</strong></span> <span class='ocrx_word' id='word_1_174' title='bbox 1416 1713 1666 1769; x_wconf 74' lang='lat' dir='ltr'><strong>Quippini?</strong></span> 
     </span>
     <span class='ocr_line' id='line_1_22' title="bbox 141 1785 1659 1845; baseline -0.007 -11"><span class='ocrx_word' id='word_1_175' title='bbox 141 1793 235 1838; x_wconf 76' lang='lat' dir='ltr'><strong>Ae.</strong></span> <span class='ocrx_word' id='word_1_176' title='bbox 266 1790 487 1845; x_wconf 82' lang='lat' dir='ltr'><strong>Diespiter</strong></span> <span class='ocrx_word' id='word_1_177' title='bbox 514 1801 593 1828; x_wconf 84' lang='lat' dir='ltr'><strong>vos</strong></span> <span class='ocrx_word' id='word_1_178' title='bbox 623 1786 810 1843; x_wconf 86' lang='lat' dir='ltr'><strong>perduit.</strong></span> <span class='ocrx_word' id='word_1_179' title='bbox 871 1785 967 1827; x_wconf 86' lang='lat' dir='ltr'><strong>AD.</strong></span> <span class='ocrx_word' id='word_1_180' title='bbox 1000 1786 1066 1825; x_wconf 91' lang='lat' dir='ltr'><strong>Te</strong></span> <span class='ocrx_word' id='word_1_181' title='bbox 1100 1786 1338 1842; x_wconf 75' lang='lat' dir='ltr'><strong>quippini?</strong></span> <span class='ocrx_word' id='word_1_182' title='bbox 1657 1794 1659 1796; x_wconf 77' lang='grc'><strong><em>·</em></strong></span> 
     </span>
     <span class='ocr_line' id='line_1_23' title="bbox 144 1859 1663 1920; baseline -0.006 -11"><span class='ocrx_word' id='word_1_183' title='bbox 144 1868 237 1914; x_wconf 79' lang='lat' dir='ltr'><strong>AG.</strong></span> <span class='ocrx_word' id='word_1_184' title='bbox 268 1867 344 1906; x_wconf 89' lang='lat' dir='ltr'><strong>Ibo</strong></span> <span class='ocrx_word' id='word_1_185' title='bbox 375 1875 418 1904; x_wconf 83' lang='lat' dir='ltr'><strong>et</strong></span> <span class='ocrx_word' id='word_1_186' title='bbox 449 1864 627 1920; x_wconf 85' lang='lat' dir='ltr'><strong>pultabo</strong></span> <span class='ocrx_word' id='word_1_187' title='bbox 658 1864 833 1903; x_wconf 84' lang='lat' dir='ltr'><strong>ianuam</strong></span> <span class='ocrx_word' id='word_1_188' title='bbox 864 1862 991 1902; x_wconf 82' lang='lat' dir='ltr'><strong>hanc.</strong></span> <span class='ocrx_word' id='word_1_189' title='bbox 1049 1859 1147 1902; x_wconf 74' lang='lat' dir='ltr'><strong>An.</strong></span> <span class='ocrx_word' id='word_1_190' title='bbox 1181 1863 1243 1902; x_wconf 84' lang='lat' dir='ltr'><strong>Ita</strong></span> <span class='ocrx_word' id='word_1_191' title='bbox 1276 1861 1512 1918; x_wconf 72' lang='lat' dir='ltr'><strong>quippini?</strong></span> <span class='ocrx_word' id='word_1_192' title='bbox 1611 1877 1663 1914; x_wconf 77' lang='lat'><strong>30</strong></span> 
     </span>
     <span class='ocr_line' id='line_1_24' title="bbox 144 1937 1359 1994; baseline -0.006 -10"><span class='ocrx_word' id='word_1_193' title='bbox 144 1943 238 1991; x_wconf 82' lang='lat' dir='ltr'><strong>AG·</strong></span> <span class='ocrx_word' id='word_1_194' title='bbox 266 1940 463 1981; x_wconf 89' lang='lat' dir='ltr'><strong>Tacendi</strong></span> <span class='ocrx_word' id='word_1_195' title='bbox 492 1950 664 1994; x_wconf 81' lang='lat' dir='ltr'><strong>tempus</strong></span> <span class='ocrx_word' id='word_1_196' title='bbox 692 1938 770 1978; x_wconf 86' lang='lat' dir='ltr'><strong>est:</strong></span> <span class='ocrx_word' id='word_1_197' title='bbox 806 1950 908 1977; x_wconf 88' lang='lat' dir='ltr'><strong>nam</strong></span> <span class='ocrx_word' id='word_1_198' title='bbox 941 1946 1205 1991; x_wconf 88' lang='lat' dir='ltr'><strong>crepuerunt</strong></span> <span class='ocrx_word' id='word_1_199' title='bbox 1231 1937 1359 1979; x_wconf 75' lang='lat' dir='ltr'><strong>fores.</strong></span> 
     </span>
    </p>

    <p class='ocr_par' dir='ltr' id='par_1_10' title="bbox 99 2013 1193 2072">
     <span class='ocr_line' id='line_1_25' title="bbox 99 2013 1193 2072; baseline -0.007 -14"><span class='ocrx_word' id='word_1_200' title='bbox 99 2021 102 2023; x_wconf 82' lang='grc'><strong>’</strong></span> <span class='ocrx_word' id='word_1_201' title='bbox 145 2019 274 2062; x_wconf 84' lang='lat' dir='ltr'><strong>Foras</strong></span> <span class='ocrx_word' id='word_1_202' title='bbox 306 2014 498 2072; x_wconf 83' lang='lat' dir='ltr'><strong>egredier</strong></span> <span class='ocrx_word' id='word_1_203' title='bbox 524 2013 655 2055; x_wconf 87' lang='lat' dir='ltr'><strong>video</strong></span> <span class='ocrx_word' id='word_1_204' title='bbox 687 2014 911 2053; x_wconf 88' lang='lat' dir='ltr'><strong>Lenonem</strong></span> <span class='ocrx_word' id='word_1_205' title='bbox 942 2013 1124 2063; x_wconf 83' lang='lat' dir='ltr'><strong>Lycum.</strong></span> <span class='ocrx_word' id='word_1_206' title='bbox 1191 2038 1193 2043; x_wconf 87' lang='lat'><em>-</em></span> 
     </span>
    </p>

    <p class='ocr_par' dir='ltr' id='par_1_11' title="bbox 149 2086 1312 2147">
     <span class='ocr_line' id='line_1_26' title="bbox 149 2086 1312 2147; baseline -0.006 -11"><span class='ocrx_word' id='word_1_207' title='bbox 149 2092 323 2140; x_wconf 86' lang='lat' dir='ltr'><strong>Adeste,</strong></span> <span class='ocrx_word' id='word_1_208' title='bbox 354 2088 523 2147; x_wconf 84' lang='lat' dir='ltr'><strong>quaeso.</strong></span> <span class='ocrx_word' id='word_1_209' title='bbox 581 2088 678 2132; x_wconf 81' lang='lat' dir='ltr'><strong>AD·</strong></span> <span class='ocrx_word' id='word_1_210' title='bbox 712 2086 963 2144; x_wconf 80' lang='lat' dir='ltr'><strong>Quippini‘?</strong></span> <span class='ocrx_word' id='word_1_211' title='bbox 997 2088 1106 2143; x_wconf 90' lang='lat' dir='ltr'><strong>quin</strong></span> <span class='ocrx_word' id='word_1_212' title='bbox 1135 2088 1163 2127; x_wconf 83' lang='lat' dir='ltr'><strong>fi</strong></span> <span class='ocrx_word' id='word_1_213' title='bbox 1194 2089 1312 2133; x_wconf 73' lang='lat' dir='ltr'><strong>voles</strong></span> 
     </span>
    </p>

    <p class='ocr_par' dir='ltr' id='par_1_12' title="bbox 148 2164 1084 2224">
     <span class='ocr_line' id='line_1_27' title="bbox 148 2164 1084 2224; baseline -0.006 -17"><span class='ocrx_word' id='word_1_214' title='bbox 148 2169 329 2224; x_wconf 88' lang='lat' dir='ltr'><strong>Operire</strong></span> <span class='ocrx_word' id='word_1_215' title='bbox 360 2166 524 2219; x_wconf 86' lang='lat' dir='ltr'><strong>capita,</strong></span> <span class='ocrx_word' id='word_1_216' title='bbox 561 2178 617 2203; x_wconf 90' lang='lat' dir='ltr'><strong>ne</strong></span> <span class='ocrx_word' id='word_1_217' title='bbox 643 2177 722 2204; x_wconf 82' lang='lat' dir='ltr'><strong>nos</strong></span> <span class='ocrx_word' id='word_1_218' title='bbox 757 2165 860 2203; x_wconf 86' lang='lat' dir='ltr'><strong>leno</strong></span> <span class='ocrx_word' id='word_1_219' title='bbox 894 2164 1084 2208; x_wconf 81' lang='lat' dir='ltr'><strong>nouerit,</strong></span> 
     </span>
    </p>

    <p class='ocr_par' dir='ltr' id='par_1_13' title="bbox 151 2236 1659 2300">
     <span class='ocr_line' id='line_1_28' title="bbox 151 2236 1659 2300; baseline -0.007 -16"><span class='ocrx_word' id='word_1_220' title='bbox 151 2245 244 2300; x_wconf 85' lang='lat' dir='ltr'><strong>Qui</strong></span> <span class='ocrx_word' id='word_1_221' title='bbox 271 2242 336 2282; x_wconf 87' lang='lat' dir='ltr'><strong>illi</strong></span> <span class='ocrx_word' id='word_1_222' title='bbox 361 2241 497 2282; x_wconf 86' lang='lat' dir='ltr'><strong>malae</strong></span> <span class='ocrx_word' id='word_1_223' title='bbox 526 2241 590 2282; x_wconf 85' lang='lat' dir='ltr'><strong>rei</strong></span> <span class='ocrx_word' id='word_1_224' title='bbox 618 2247 761 2280; x_wconf 85' lang='lat' dir='ltr'><strong>tantae</strong></span> <span class='ocrx_word' id='word_1_225' title='bbox 788 2236 953 2279; x_wconf 75' lang='lat' dir='ltr'><strong>fuimus</strong></span> <span class='ocrx_word' id='word_1_226' title='bbox 983 2238 1134 2279; x_wconf 84' lang='lat' dir='ltr'><strong>illices.</strong></span> <span class='ocrx_word' id='word_1_227' title='bbox 1610 2255 1659 2292; x_wconf 78' lang='lat'><strong>35</strong></span> 
     </span>
    </p>
   </div>
   <div class='ocr_carea' id='block_1_7' title="bbox 207 2382 1508 2622">
    <p class='ocr_par' dir='ltr' id='par_1_14' title="bbox 207 2382 1508 2622">
     <span class='ocr_line' id='line_1_29' title="bbox 461 2382 1344 2433; baseline -0.005 -5"><span class='ocrx_word' id='word_1_228' title='bbox 461 2386 739 2429; x_wconf 86' lang='lat' dir='ltr'>ACTVS</span> <span class='ocrx_word' id='word_1_229' title='bbox 797 2388 890 2428; x_wconf 91' lang='lat'><strong>111.</strong></span> <span class='ocrx_word' id='word_1_230' title='bbox 960 2382 1245 2431; x_wconf 13' lang='lat' dir='ltr'>SCENA*</span> <span class='ocrx_word' id='word_1_231' title='bbox 1297 2383 1344 2433; x_wconf 69' lang='lat' dir='ltr'><strong>V,</strong></span> 
     </span>
     <span class='ocr_line' id='line_1_30' title="bbox 318 2475 1508 2522; baseline -0.003 -11"><span class='ocrx_word' id='word_1_232' title='bbox 318 2481 529 2522; x_wconf 76' lang='lat' dir='ltr'><strong>Lchs,</strong></span> <span class='ocrx_word' id='word_1_233' title='bbox 590 2477 1102 2518; x_wconf 73' lang='lat' dir='ltr'>AGORASTOCLES,</span> <span class='ocrx_word' id='word_1_234' title='bbox 1166 2475 1508 2511; x_wconf 72' lang='lat' dir='ltr'><strong>ADVOCATI.</strong></span> 
     </span>
     <span class='ocr_line' id='line_1_31' title="bbox 207 2560 1301 2622; baseline -0.008 -13"><span class='ocrx_word' id='word_1_235' title='bbox 207 2566 482 2622; x_wconf 83' lang='lat' dir='ltr'><strong>Suspendant</strong></span> <span class='ocrx_word' id='word_1_236' title='bbox 510 2576 662 2606; x_wconf 81' lang='lat' dir='ltr'><strong>omues</strong></span> <span class='ocrx_word' id='word_1_237' title='bbox 692 2578 813 2605; x_wconf 88' lang='lat' dir='ltr'><strong>nunc</strong></span> <span class='ocrx_word' id='word_1_238' title='bbox 843 2567 930 2604; x_wconf 84' lang='lat' dir='ltr'><strong>iam</strong></span> <span class='ocrx_word' id='word_1_239' title='bbox 971 2562 1013 2602; x_wconf 78' lang='lat' dir='ltr'><strong>se</strong></span> <span class='ocrx_word' id='word_1_240' title='bbox 1042 2560 1301 2614; x_wconf 77' lang='lat' dir='ltr'><strong>haruspices.</strong></span> 
     </span>
    </p>
   </div>
   <div class='ocr_carea' id='block_1_8' title="bbox 151 2635 1438 2773">
    <p class='ocr_par' dir='ltr' id='par_1_15' title="bbox 151 2635 1438 2773">
     <span class='ocr_line' id='line_1_32' title="bbox 151 2635 1438 2698; baseline -0.005 -16"><span class='ocrx_word' id='word_1_241' title='bbox 151 2644 273 2698; x_wconf 81' lang='lat' dir='ltr'><strong>Quid</strong></span> <span class='ocrx_word' id='word_1_242' title='bbox 303 2656 382 2698; x_wconf 85' lang='lat' dir='ltr'><strong>ego</strong></span> <span class='ocrx_word' id='word_1_243' title='bbox 414 2642 497 2681; x_wconf 85' lang='lat' dir='ltr'><strong>illis</strong></span> <span class='ocrx_word' id='word_1_244' title='bbox 527 2640 724 2694; x_wconf 84' lang='lat' dir='ltr'><strong>posthac,</strong></span> <span class='ocrx_word' id='word_1_245' title='bbox 765 2640 879 2695; x_wconf 88' lang='lat' dir='ltr'><strong>quod</strong></span> <span class='ocrx_word' id='word_1_246' title='bbox 912 2640 1170 2692; x_wconf 86' lang='lat' dir='ltr'><strong>loquantur,</strong></span> <span class='ocrx_word' id='word_1_247' title='bbox 1202 2635 1438 2678; x_wconf 60' lang='lat' dir='ltr'><strong>creduamr</strong></span> 
     </span>
     <span class='ocr_line' id='line_1_33' title="bbox 151 2711 1167 2773; baseline -0.008 -15"><span class='ocrx_word' id='word_1_248' title='bbox 151 2719 242 2773; x_wconf 88' lang='lat' dir='ltr'><strong>Qui</strong></span> <span class='ocrx_word' id='word_1_249' title='bbox 269 2719 314 2757; x_wconf 89' lang='lat' dir='ltr'><strong>in</strong></span> <span class='ocrx_word' id='word_1_250' title='bbox 343 2731 388 2757; x_wconf 88' lang='lat' dir='ltr'><strong>re</strong></span> <span class='ocrx_word' id='word_1_251' title='bbox 417 2718 570 2757; x_wconf 82' lang='lat' dir='ltr'><strong>diuina</strong></span> <span class='ocrx_word' id='word_1_252' title='bbox 599 2715 770 2756; x_wconf 82' lang='lat' dir='ltr'><strong>dudum</strong></span> <span class='ocrx_word' id='word_1_253' title='bbox 800 2714 1026 2761; x_wconf 83' lang='lat' dir='ltr'><strong>dicebant,</strong></span> <span class='ocrx_word' id='word_1_254' title='bbox 1054 2711 1167 2755; x_wconf 82' lang='lat' dir='ltr'><strong>mihi</strong></span> 
     </span>
    </p>
   </div>
  </div>
 </body>
</html>
