1742 2924
27 1972 33 1973 ἶ
86 2019 89 2021 ,
149 1980 235 2023 ΤΗ.
263 1977 365 2017 Non
389 1973 508 2013 enim
538 1971 635 2010 ibis.
671 1983 750 2024 ego
775 1969 912 2010 ferare
943 1966 1054 2014 faxo,
1081 1978 1129 2008 vt
1159 1968 1363 2015 meruisti,
1388 1971 1436 2008 in
1465 1983 1650 2011 crucem.

153 187 246 235 402
330 179 333 193 ⁵
651 184 1152 221 mos'rsttntun

150 297 244 339 ΤΗ.
269 295 483 350 Loquere,
505 292 784 348 quoiusmodi
813 292 986 346 reliqui,
1007 304 1141 346 quom
1163 293 1473 343 hinccabibam
1491 297 1663 346 filiuni?

126 351 128 353 >
158 373 237 414 Ta.
256 370 369 410 Cum
386 369 585 423 pedibus,
605 368 822 414 manibus,
842 381 939 407 cum
959 367 1121 422 digitis,
1141 369 1330 415 auribus,
1350 371 1499 418 oculis,
1518 375 1659 415 labris.

158 443 242 489 ΤΗ.
265 445 397 486 Aliud
418 453 460 484 te
484 457 602 498 rogo,
656 446 730 484 ΤΒ.
756 442 887 483 Aliud
916 451 1015 497 ergo
1043 455 1164 482 nunc
1189 444 1272 484 tibi
1298 434 1548 501 respondeo.
1607 421 1661 500 7¹0

153 522 238 563 Sed
267 534 420 562 eccum
449 510 517 559 tui
548 520 668 573 gnati
698 517 887 558 sodalem
915 518 1045 558 video
1076 519 1163 558 huc
1192 520 1392 560 incedere

152 596 500 640 Callidamatem:
531 595 606 635 illo
635 592 856 650 praesente
883 606 1057 634 mecum
1090 595 1218 649 agito,
1249 596 1276 634 fi
1303 597 1411 652 quid
1441 581 1603 642 voles.-

464 790 751 831 ACTVS
808 790 857 830 V.
934 790 1224 831 SCENA
1279 791 1338 830 11.

336 901 765 942 CALLIDAMATES,
814 900 1214 941 THEVROPIDES‚
1260 901 1476 932 TRANIO.

205 1003 290 1045 Vbi
318 983 519 1042 somnum
555 999 732 1058 sepeliui
765 1011 940 1039 omnem
981 1010 1107 1054 atque
1138 998 1386 1040 obdormiui
1425 1003 1656 1057 crapulam,

151 1079 422 1125 Philolaches
451 1075 610 1115 veniffe
638 1074 904 1117 mihisuum
939 1088 1116 1130 peregre
1146 1062 1233 1115 hue
1262 1086 1440 1128 patrem,
1492 1115 1496 1117 ,

154 1159 345 1213 Quoque
371 1151 503 1192 modo
533 1152 759 1191 hominem
793 1149 1100 1189 aduenientem
1129 1148 1271 1190 seruos
1297 1143 1543 1193 ludificatus
1573 1153 1658 1200 fiet,

150 1234 244 1275 Ait:
282 1227 366 1270 sese
393 1238 586 1268 metuere
617 1229 664 1266 in
695 1225 975 1278 conspectum
1009 1226 1124 1264 illius
1159 1225 1380 1266 obcedere.

148 1310 389 1360 Nunclego
420 1304 473 1343 de
495 1301 724 1342 sodalitate
755 1299 871 1340 solus
903 1301 996 1340 sum
1026 1309 1168 1341 orator
1203 1301 1343 1348 datus,
1605 1296 1608 1297 ⁷
1636 1317 1655 1353 ς
1695 1339 1697 1345 ,

150 1386 241 1440 Qui
272 1396 294 1422 a
325 1390 443 1436 patre
471 1380 566 1419 eius
599 1378 879 1418 conciliarem
908 1389 1072 1430 pacem.
1115 1385 1241 1431 atque
1271 1389 1423 1416 eccum
1462 1364 1655 1432 optume.

147 1461 283 1503 Iubeo
312 1467 354 1496 te
385 1454 566 1494 saluere:
598 1464 641 1493 et
678 1451 819 1498 saluus
856 1465 991 1507 quum
1026 1450 1220 1498 aduenis,
1251 1451 1567 1508 Theuropides‚

145 1538 343 1588 Peregre,
369 1529 553 1585 gaudeo.
579 1528 654 1566 hic
683 1526 797 1579 apud
820 1539 899 1565 nos
928 1526 1059 1565 hodie
1082 1539 1251 1566 coenes.
1305 1529 1387 1569 ΤΗ.
1411 1529 1483 1575 Sic
1511 1529 1655 1573 talem,

110 1608 111 1614 ’
148 1609 444 1652 Callidamam,
472 1604 556 1642 Dei
586 1611 629 1642 te
659 1612 820 1648 ament,
850 1601 903 1642 de
935 1615 1068 1642 coena
1097 1601 1209 1641 facio
1241 1604 1434 1656 gratiam.
1493 1648 1504 1655 .

138 1688 244 1735 CA.
274 1682 397 1738 Quin
425 1678 584 1719 venis?
647 1679 724 1719 ΤΒ.
760 1677 998 1718 Promitte:
1043 1691 1122 1734 ego
1163 1679 1236 1718 ibo
1276 1692 1355 1732 pro
1395 1689 1460 1739 te,
1507 1679 1535 1718 fi
1573 1678 1655 1719 tibi

1028 1761 1120 1788 non
1150 1749 1269 1789 libet.
1605 1759 1655 1789 ιο

149 1833 234 1876 TH-
264 1828 464 1873 Verbero,
498 1825 628 1865 etiam
663 1822 857 1864 inrides?
919 1824 997 1865 Ta.
1029 1823 1188 1877 Quian'
1218 1836 1290 1863 me
1325 1835 1405 1878 pro
1434 1834 1476 1864 te
1507 1825 1568 1864 ire
1603 1823 1655 1863 ad

1028 1906 1210 1934 coenam
1237 1894 1448 1935 autumo?

152 2055 241 2098 CA.
267 2053 356 2106 Age
375 2049 501 2088 mitte
534 2044 621 2091 ista,
656 2054 699 2084 et
726 2047 788 2085 ito
820 2045 874 2084 ad
894 2058 964 2084 me
995 2044 1046 2085 ad
1076 2057 1267 2084 coenam.
1333 2046 1406 2086 ΤΒ.
1437 2046 1521 2085 Dic
1548 2059 1651 2086 ven·

1024 2123 1185 2154 turum.
1216 2111 1322 2167 quid
1354 2115 1504 2155 taces?

152 2201 239 2242 CA.
274 2194 358 2237 Sed
385 2202 434 2232 tu
463 2189 568 2230 istuc
597 2188 703 2244 quid
731 2187 960 2243 confugisti
988 2190 1035 2228 in
1064 2201 1180 2228 aram
1209 2186 1547 2231 inscitiss‘umus?
1600 2235 1603 2242 ι

148 2278 226 2319 Tn.
245 2270 492 2314 Adueniens
516 2266 748 2321 perterruit
774 2278 859 2304 me.
891 2266 1069 2318 loquere
1088 2275 1216 2309 nunc,
1241 2262 1348 2317 quid
1365 2261 1570 2306 fecerim:
1598 2280 1645 2317 15

143 2351 275 2391 Nunc
303 2345 528 2398 Vtriusque
561 2341 822 2395 disceptator
854 2351 1005 2379 eccum
1037 2336 1172 2384 adest,
1208 2350 1283 2392 age
1311 2337 1497 2392 disputa,

147 2429 232 2470 Tu.
266 2424 427 2464 Filium
455 2414 696 2468 conrupiss'e
728 2415 796 2453 aio
827 2423 869 2453 te
899 2426 1060 2454 meum.
1120 2413 1155 2451 Τ
1151 2426 1193 2451 n.
1216 2409 1414 2453 Ausculta
1442 2416 1588 2457 modo.
1616 2437 1640 2444 ἢ

140 2503 294 2544 Fateor
322 2491 580 2553 peccauiffe,
612 2490 795 2529 amicam
825 2486 1028 2532 liberaffe‚
1061 2484 1232 2526 absente
1262 2498 1329 2528 te:

141 2575 296 2618 Feneri
325 2578 551 2626 argentum
581 2563 816 2619 sumpfiss‘e,
845 2562 891 2602 id
921 2562 999 2602 effe
1031 2559 1303 2616 absumptum
1332 2563 1548 2616 praedico,

142 2647 369 2705 Numquid
397 2642 514 2685 aliud
553 2639 679 2686 fecit.
729 2640 806 2678 nist
852 2636 969 2694 quod
1005 2634 1172 2675 faciunt
1213 2637 1391 2679 summis
1429 2642 1547 2695 gnati
1574 2654 1643 2696 ge,

1019 2705 1224 2746 netibus?
1589 2725 1639 2750 ω
