1742 2892
638 131 1045 183 rnoosuxvm
1153 156 1155 160 ι
1552 134 1593 179 ’7

24 307 71 322 δ’
250 279 255 289 =
309 247 316 291 Ϊ
373 278 377 281 ·
411 251 491 313 M.
550 251 826 300 ACCIVS
883 245 1240 300 PLAVTVS

127 354 131 358 ⁴
180 330 440 390 sarsinae‘,
482 330 549 381 ad
581 330 780 381 flumen
810 330 984 395 Sapim
1021 327 1077 375 in
1108 325 1347 384 Vmbria,
1389 323 1588 376 humili

26 394 39 420 '⁹
74 399 365 450 admodum
390 415 576 464 genere
596 410 897 466 prognatus,
932 398 988 444 in
1011 410 1160 443 scena
1191 393 1378 444 florere
1412 395 1588 459 coepit

78 467 177 517 sub
210 465 366 516 finem
386 466 507 515 belli
538 468 715 532 punici
738 463 970 522 secundi,
1003 478 1140 510 auno
1169 460 1278 511 fere
1316 464 1375 508 V.
1396 478 1437 509 c.
1472 464 1584 511 DL.

75 545 196 585 ante
232 535 347 583 Chr.
382 550 430 582 n.
457 537 598 584 CCII.
679 537 933 583 Mortuus
968 547 1096 579 vero
1142 540 1218 578 est
1254 545 1417 586 anno,
1461 540 1582 578 ante

75 603 379 654 Ciceronem
417 613 616 660 natum,
652 601 986 667 octogesimo,
1021 598 1170 647 Vrbis
1202 600 1449 647 DLXVH.
1494 598 1586 646 vix

39 707 42 709 -
75 669 265 719 forsan
294 668 743 736 quadragenarius.
812 668 1015 717 Faciem
1057 681 1204 715 suam
1246 666 1360 733 ipse
1398 664 1585 732 depin-

0 742 19 787 ’.
72 738 207 793 xisse
234 747 450 802 putatur
479 737 663 787 Pseud.
696 752 741 797 4.
765 754 811 796 7.
841 752 935 783 120
956 750 1064 798 sqq.

76 818 80 820 ’
145 855 151 860 .
181 815 324 860 Rufus
349 816 541 873 quidam,
570 819 829 862 ventriosus‚
860 814 1012 856 crassis
1044 813 1170 858 suris,
1208 813 1429 868 subniger,
1489 817 1491 821 ’

126 875 132 883 ⁷
185 886 343 942 Magno
376 889 529 943 capite,
571 888 708 928 acutis
738 887 905 933 oculiss
940 897 1015 925 ore
1042 883 1302 931 rubicundo,
1342 882 1583 924 admodum

180 958 348 1012 magnis
376 957 561 1012 pedibus
591 978 648 986 -·

3 1077 6 1080 ,
72 1025 216 1090 quod
251 1042 360 1073 non
389 1027 616 1074 alienum
652 1023 863 1087 quidem
901 1039 928 1070 a
960 1022 1184 1072 vanitate
1211 1020 1425 1070 videtur
1452 1022 1581 1082 eius,

73 1093 169 1158 qui
196 1095 356 1143 Most.
385 1107 428 1151 5.
453 1111 494 1141 ε.
518 1108 596 1159 33.
632 1091 695 1139 ad
732 1092 950 1156 patriam
984 1102 1159 1154 aperte
1194 1089 1396 1138 adludit

182 1175 315 1233 Quid,
344 1167 570 1219 Sarsinatis
599 1191 734 1232 ecqua
763 1186 840 1224 est,
881 1177 918 1215 si
947 1162 1153 1217 Vmbram
1181 1189 1272 1216 non
1303 1175 1470 1218 habes?

5 1292 13 1303 .
66 1251 208 1303 haud
234 1270 359 1302 vero
387 1254 511 1311 scio,
541 1270 622 1309 an,
658 1253 825 1316 priori
847 1253 901 1299 in
927 1252 1059 1307 loco,
1093 1251 1263 1299 Plauti
1298 1249 1493 1315 depicti
1520 1249 1579 1299 in

65 1331 297 1371 mentem
330 1322 578 1385 cuiquam
605 1320 845 1376 venisset,
877 1319 980 1367 nisi
1004 1318 1261 1384 legentem
1298 1318 1455 1366 verba
1484 1318 1577 1364 ad-

64 1388 267 1438 modum
293 1393 502 1459 magnis
532 1387 748 1448 pedibus
773 1390 955 1436 Festus
989 1387 1307 1436 monuisset:
1351 1385 1599 1434 Vmbros·

2 1489 6 1494 ι
67 1454 232 1504 dictos
263 1472 371 1504 esse
405 1456 640 1513 Plautus,
668 1453 815 1519 quod
843 1464 1011 1503 essent
1039 1454 1215 1519 planis
1245 1453 1477 1519 pedibus.

86 1596 89 1599 .
158 1536 363 1585 Fabulis
404 1535 686 1585 scribendis
727 1552 891 1600 quum
927 1552 1034 1584 non
1071 1535 1322 1600 exiguum
1356 1534 1575 1583 Plautus

5 1650 11 1664 ἦ
61 1614 337 1668 quaestum
382 1602 609 1660 fecisset,
663 1613 1007 1651 mercaturam
1055 1620 1292 1652 exercere
1342 1612 1572 1660 conatus,

23 1719 45 1723 ,
62 1670 323 1734 quidquid
343 1683 466 1729 erat,
495 1688 617 1719 mox
637 1669 882 1735 perdidit,
915 1673 985 1718 ita
1006 1682 1079 1727 vt,
1110 1682 1315 1719 coactus
1335 1670 1573 1735 inopiam

59 1753 316 1791 manuum
359 1739 594 1787 mercede
629 1739 866 1796 tolerare,
915 1739 1100 1805 pistori
1139 1737 1463 1803 aliquamdiu
1505 1736 1572 1785 ad

0 1835 5 1858 ε
58 1807 224 1856 molas
249 1807 540 1854 manuarias
572 1822 786 1871 operam
817 1807 1021 1854 locaret.
1092 1809 1217 1854 Eam
1254 1806 1321 1854 ob
1364 1822 1571 1853 causam
1620 1835 1629 1838 -

36 1876 239 1933 ‘Asinii
275 1884 683 1937 cognomentum
725 1874 930 1920 nomini
975 1875 1088 1922 eius
1126 1891 1150 1920 a
1190 1874 1413 1920 librariis
1453 1873 1569 1935 qui-

7 1947 10 1949 ’
61 1939 279 1988 busdam
302 1941 536 1989 additum
565 1951 656 1999 est,
690 1941 831 2004 quod
861 1942 917 1988 in
944 1942 1178 2006 pistrinis
1211 1941 1568 1990 laborantibus

2 2026 6 2029 ·
61 2006 202 2055 idem
250 2006 316 2055 ad
366 2009 624 2056 trusatiles
665 2009 828 2056 molas
873 2008 1020 2056 labor
1066 2009 1418 2066 incumberet,
1471 2009 1568 2072 qui

60 2075 216 2128 asinis
250 2074 314 2122 ad
346 2077 621 2123 versatiles.
691 2079 751 2122 ln
785 2077 898 2140 ipso
935 2087 1109 2124 tamen
1146 2077 1386 2141 pistrino,
1422 2086 1479 2123 vt
1510 2078 1569 2123 in

61 2157 260 2189 carcere
271 2145 524 2200 Naevius,
552 2160 581 2189 a
606 2142 793 2191 fabulis
816 2143 1099 2192 scribendis
1126 2161 1233 2191 non
1258 2144 1569 2192 abstinuisse

61 2207 267 2257 dicitur.
338 2211 549 2260 Servius
577 2210 642 2258 ad
667 2211 803 2275 Virg.
834 2214 956 2259 Aen.
981 2230 1020 2258 1.
1044 2210 1120 2262 ‚de
1155 2212 1326 2260 Plauti
1368 2210 1566 2259 fabula-

0 2304 31 2346 ',
60 2292 180 2323 rum
227 2294 450 2325 numero
487 2278 582 2326 ait:
630 2278 919 2326 “Plautum
958 2279 1046 2325 alii
1084 2278 1268 2327 dicunt
1302 2279 1565 2343 scripsisse

0 2340 256 2393 :Tabulas
287 2345 473 2408 viginti
494 2362 667 2398 vnam,
693 2346 779 2392 alii
809 2345 1164 2411 quadraginta,
1194 2347 1284 2394 alii
1304 2347 1563 2394 centum.’'

36 2410 465 2475 ,Quin—Varronis
505 2424 743 2476 tempore
766 2424 975 2460 centum
999 2425 1048 2461 et
1077 2414 1288 2478 triginta
1329 2414 1566 2476 quinque

61 2477 358 2526 'comoediae
383 2480 478 2526 sub
500 2480 669 2527 Plauti
701 2481 914 2527 nomine
937 2481 989 2526 in
1018 2481 1208 2545 vulgus
1229 2482 1417 2546 passim
1450 2479 1565 2529 fue-

60 2555 185 2591 runt
217 2562 430 2608 sparsae,
463 2550 689 2593 Varrone
721 2557 894 2594 tamen
921 2548 1038 2612 ipso
1059 2549 1249 2613 viginti
1276 2559 1481 2596 tantum
1513 2559 1565 2595 et

0 2640 6 2645 -
61 2624 213 2657 vnam
238 2614 486 2674 genuinas
511 2613 838 2670 adnoscente,
870 2616 1211 2663 Varronianas
1233 2615 1358 2663 inde
1384 2614 1562 2670 dictas,

59 2691 168 2740 quo
192 2695 221 2726 e
239 2696 464 2728 numero
501 2697 635 2745 quae
662 2680 1001 2740 desideratur,
1041 2683 1325 2734 Vidularia
1347 2694 1564 2747 putatur
