1742 2924
211 151 323 234 4¹4
686 174 1282 230 mzmncnmouvm

210 285 423 340 Subripui
452 283 598 327 hodie.
642 296 741 326 meo
779 285 957 342 quidem
991 289 1140 329 animo
1183 289 1236 329 ab
1266 288 1515 346 Hyppolyta
1543 291 1712 356 subcin-

1090 357 1244 412 gulum

213 433 420 474 Hercules
453 430 570 472 haud
600 443 736 486 aeque
762 445 922 486 magno
949 446 1158 487 vmquam
1185 433 1365 476 abstulit
1397 436 1606 491 periculo.

210 511 329 565 Cape
354 510 431 550 tibi
461 510 595 561 hanc:
626 507 796 563 quando
824 521 905 548 vna
932 510 1047 548 viuis
1070 512 1180 550 meis
1206 512 1418 565 morigera
1449 514 1659 554 moribus.

212 587 310 627 Hoc
341 587 487 626 animo
518 584 641 624 decet
669 585 882 625 animatos
908 583 987 626 effe
1024 597 1236 627 amatores
1267 586 1438 642 probos.
1666 602 1716 628 ιο

214 665 298 706 PE.
330 663 416 714 Qui
450 659 627 716 quidem
663 659 716 698 ad
749 658 1075 720 mendicitatem
1116 661 1159 702 se
1195 673 1430 719 properent
1464 660 1716 711 detrudere!

215 742 312 782 ME.
347 739 546 792 Quatuor
575 736 709 774 minis
743 748 823 790 ego
857 737 943 775 emi
973 735 1103 777 istanc
1134 751 1248 778 anno
1277 739 1405 779 vxori
1432 751 1568 778 meae.

213 820 298 859 PE,
330 816 527 869 Quarum·
556 812 701 851 minae
731 813 895 866 periere
923 812 1065 866 plane,
1095 823 1144 854 vt
1165 815 1512 865 ratiossedditur.

213 896 310 935 ME.
342 892 445 931 Scin
468 887 575 944 quid
598 889 699 929 volo
731 899 811 942 ego
831 895 873 926 te
896 886 1128 928 adcurare?
1168 884 1258 930 Eia.
1285 889 1399 938 Scio,
1430 891 1587 931 curabo
1608 902 1720 945 quae

1093 959 1229 999 voles.

213 1042 309 1082 ME.
338 1037 448 1078 Iube
467 1035 599 1089 igitur
615 1034 742 1078 nobis
761 1033 901 1076 tribus
922 1033 1036 1089 apud
1056 1042 1097 1074 te
1119 1034 1352 1090 prandium
1370 1034 1626 1079 adcurarier,
1668 1047 1685 1073 ι
1695 1045 1716 1083 ς

211 1118 354 1170 Atque
384 1112 545 1166 aliquid
575 1109 927 1150 scitamentorum
957 1110 1010 1149 de
1038 1108 1130 1151 foro
1159 1111 1420 1166 opsonarier,

214 1188 551 1243 Glandionidam
583 1185 763 1231 suillam,
796 1185 979 1225 laridum
1009 1188 1312 1241 pernonidem‚
1346 1194 1419 1225 aut

213 1268 429 1320 sinciput,
458 1251 531 1303 au}
551 1261 788 1316 polimenta
814 1262 1008 1314 porcina,
1042 1273 1112 1302 aut
1137 1261 1297 1317 aliquid
1328 1261 1381 1302 ad
1402 1275 1503 1302 eum
1523 1261 1719 1310 modum,

211 1341 390 1383 Madida
419 1351 528 1394 quae
556 1336 666 1376 mihi
698 1335 881 1390 adpofita
911 1336 957 1374 in
986 1337 1177 1377 mensam
1210 1335 1439 1377 miluinam
1471 1336 1719 1392 subgerant;

143 1426 146 1430 “
213 1419 353 1474 Atque
379 1423 589 1456 actutum.
651 1414 739 1453 ER.
777 1412 901 1451 Licet
933 1410 1101 1452 ecastor.
1162 1415 1263 1453 ME.
1293 1412 1383 1461 Nos
1416 1412 1642 1466 prodimus
1668 1411 1722 1451 ad

1092 1481 1250 1521 forum.
1665 1495 1720 1530 30

210 1565 302 1610 Iam
329 1574 410 1602 nos
436 1560 511 1599 hic
542 1558 727 1597 erimus:
756 1554 860 1594 dum
893 1557 1109 1610 coquitur,
1140 1556 1318 1596 interim
1346 1555 1609 1608 potabimus.

217 1642 306 1683 En.
333 1634 520 1690 Quando
548 1634 632 1678 vis,
660 1632 778 1677 veni,
804 1639 948 1684 parata
978 1645 1044 1670 res
1076 1631 1169 1671 erit.
1228 1632 1324 1671 ME.
1354 1631 1540 1685 Propera
1570 1629 1720 1671 modo.

212 1716 401 1770 Sequere
422 1722 485 1752 tu.
541 1710 630 1748 PE.
663 1707 754 1762 Ego
780 1707 924 1746 hercle
950 1719 1053 1746 vero
1072 1715 1114 1745 te
1141 1714 1183 1746 et
1202 1704 1392 1747 reruabo.
1425 1713 1466 1743 et
1487 1713 1528 1743 te
1549 1702 1720 1758 sequar:

211 1791 365 1844 Neque
396 1786 542 1831 hodie,
576 1791 624 1822 xt
656 1791 697 1822 te
725 1782 918 1835 perdam,
945 1794 1135 1821 meream
1158 1774 1300 1820 Deum
1332 1780 1510 1820 diuitias
1537 1779 1662 1818 mihi.

214 1868 302 1908 En.
320 1865 510 1905 Euocate
533 1861 653 1900 intus
664 1858 924 1910 cylindrum
941 1857 1052 1897 mihi
1072 1868 1263 1910 coquum
1279 1864 1473 1907 actutum
1489 1853 1616 1897 foras.
1666 1868 1722 1906 35·

534 2008 817 2052 ACTVS
873 2009 903 2049 Ι.
969 2003 1257 2047 SCENA
1313 2004 1389 2044 lv.

655 2110 920 2149 ERo‘va,
964 2103 1274 2137 crmNnnvs.

266 2199 512 2257 sportulam
539 2209 643 2250 cape
677 2206 805 2249 atque
836 2201 1075 2249 argentum.
1114 2203 1238 2231 eccos
1274 2189 1348 2228 tris
1378 2202 1536 2228 numos
1566 2189 1716 2230 habes.
1740 2173 1742 2216 ἶ

218 2279 299 2320 ΟΥ.
342 2275 506 2316 Haben.
568 2272 656 2313 ER‘.
693 2271 777 2311 Abi
817 2278 945 2324 atque
987 2265 1218 2323 opsonium
1259 2262 1398 2310 adfer,
1445 2264 1582 2304 tribus
1614 2264 1742 2312 vide3

1090 2334 1208 2392 quod
1240 2332 1288 2373 sit
1319 2332 1431 2386 [atis.

207 2422 372 2477 Neque·
400 2417 527 2476 defiat
562 2429 704 2472 neque
743 2415 928 2470 superfit.
993 2413 1074 2455 Cr.
1108 2408 1398 2464 Quoiusmodi
1427 2408 1475 2447 hi
1513 2408 1717 2449 homines

1090 2479 1250 2519 erunt?

211 2569 299 2608 En.
339 2565 432 2620 Ego
470 2571 513 2602 et
546 2561 860 2602 Menaechmus
900 2568 943 2600 et
975 2556 1184 2598 Parasitus
1226 2555 1331 2594 eius.
1406 2558 1487 2600 Cr,
1527 2557 1617 2596 Iam
1649 2553 1717 2596 isti

1086 2624 1185 2665 sunt
1220 2625 1394 2666 decem:

206 2710 320 2749 Nam
350 2708 557 2755 Parafitue
579 2715 678 2747 octo
710 2706 944 2746 hominum
974 2714 1138 2742 munus
1167 2699 1292 2742 facile
1326 2698 1535 2755 fungitur.
1677 2709 1711 2747 ,ς
