1742 2924
143 244 236 297 294
782 253 1028 289 ammei

143 358 184 400 Is
213 358 407 408 adornat,
438 361 677 404 adueniens
705 359 828 401 domi
859 358 1075 418 extemplo
1107 371 1157 402 vt
1188 362 1369 403 maritus
1399 359 1488 402 fiae.
1604 377 1657 415 25

144 434 218 476 δι’.
237 436 331 477 Vno
360 436 631 493 persuadebit
656 437 804 486 modo,
830 438 856 477 fi
878 438 1012 483 illam,
1042 450 1151 492 quae
1174 436 1359 481 adducta
1384 436 1441 477 est
1464 451 1656 485 mecum,

141 509 261 551 Mihi
291 513 467 553 ademfit
490 514 640 555 orcus.
691 514 768 554 Er.
791 513 922 554 Nunc
948 526 1028 569 ego
1054 513 1168 552 hanc
1197 511 1394 554 astutiam
1423 512 1600 555 institui.

143 585 391 629 neueniam
410 589 463 631 ad
485 591 691 631 lenonem
711 590 894 630 domum
913 598 1086 645 egomet
1104 589 1230 630 solus.
1256 603 1358 630 eum
1376 602 1457 644 ego
1476 588 1657 637 docebo.

148 660 197 703 si
222 665 298 719 qui
329 663 382 704 ad
417 679 519 707 eum
544 666 793 712 armeniam,
823 676 872 706 vt
894 666 969 706 fibi
996 665 1143 705 datum
1178 664 1258 706 effe
1287 673 1511 720 argentum
1537 650 1660 727 'dicat

147 736 231 778 Pro
266 737 465 789 fidicina;
503 742 669 799 argenti
691 743 832 784 minas
862 742 903 782 se
934 742 1091 782 habere
1121 741 1454 797 quinquaginta.
1607 755 1662 792 3ο

150 811 328 871 Quippe
355 829 453 872 ego,
482 819 559 872 qui
588 818 904 860 nudiustertius
933 819 1042 859 meis
1072 817 1276 858 manibus
1304 814 1581 857 dinumeraui

147 886 233 929 Pro
266 891 337 932 illa
367 902 439 933 tua
471 895 622 940 amica.
653 907 779 949 quam
806 905 927 950 pater
953 894 1072 935 suam
1102 892 1235 935 filiam
1264 892 1344 933 effe
1372 901 1501 933 retur.

148 962 219 1006 lbi
251 967 352 1008 leno
382 966 632 1010 sceleratum
662 979 793 1026 caput
819 969 945 1011 suum
972 969 1214 1025 inprudens
1245 967 1467 1023 adligabit,

154 1040 282 1096 Quasi
297 1056 377 1097 pro
398 1045 471 1085 illa
491 1057 716 1102 argentum
729 1047 959 1102 adceperit,
973 1057 1081 1101 quae
1099 1055 1245 1085 tecum
1261 1042 1443 1085 adducta
1461 1056 1582 1083 nunc
1596 1040 1665 1082 est.

157 1116 246 1159 Gn.
269 1117 488 1161 Vorsutior
511 1135 570 1168 es,
595 1135 726 1178 quam
748 1132 842 1163 rota
864 1121 1067 1178 figularis.
1109 1121 1191 1161 Ep,
1213 1120 1302 1159 Iam
1323 1133 1403 1175 ego
1426 1119 1585 1175 parabo
1613 1133 1666 1172 35

155 1192 358 1248 Aliquam
388 1196 580 1238 dolosam
612 1197 857 1244 fidicinam,
898 1210 1035 1238 numo
1074 1195 1288 1237 conducta
1323 1203 1433 1250 quae
1467 1195 1538 1235 fit:

159 1267 284 1323 Quae
313 1269 355 1312 se
382 1281 574 1328 emptam
614 1274 789 1319 similet,
838 1286 947 1328 quae
986 1271 1107 1311 senes
1134 1271 1221 1311 duo
1253 1270 1379 1312 docta
1405 1270 1668 1311 ludificetur.

155 1344 265 1387 Eam
290 1345 422 1387 ducet
455 1348 577 1389 fimul
601 1348 838 1404 Apoecides
867 1349 920 1387 ad
947 1359 1073 1389 tuum
1105 1356 1284 1401 patrem.
1329 1347 1397 1386 Sr.
1420 1348 1472 1387 Vt
1500 1343 1668 1402 parate!

155 1421 241 1461 ΕΡ.
273 1422 382 1463 Eam
410 1424 740 1479 permeditatam
769 1425 880 1465 meis
907 1423 1019 1465 dolis
1051 1422 1300 1476 astutiisque
1326 1421 1521 1462 onustam

157 1494 350 1538 Mittam.
384 1496 457 1538 sed
483 1500 616 1540 nimis
638 1487 819 1556 longum
841 1500 1021 1554 loquor:
1055 1497 1131 1537 diu
1149 1511 1220 1537 me
1247 1495 1342 1537 estis
1366 1497 1591 1539 demorati.
1615 1513 1672 1550 40

158 1570 281 1613 Haec
308 1571 427 1614 scitis
453 1576 552 1623 iam,
582 1584 632 1615 vt
662 1575 808 1617 futura
832 1576 924 1616 lint.
949 1576 1071 1614 abeo.
1116 1573 1185 1613 ST.
1211 1572 1333 1612 Bene
1355 1571 1589 1612 ambulato.

164 1647 252 1690 Gn.
281 1647 426 1693 Nimio
459 1651 612 1692 doctus
653 1652 726 1692 ille
764 1650 821 1691 est
859 1651 914 1692 ad
941 1646 1319 1690 malefaciendum.
1370 1649 1440 1689 Sr.
1470 1646 1546 1688 Me
1578 1648 1671 1704 qui·

1056 1720 1157 1760 dem
1184 1728 1300 1758 certo

162 1792 364 1835 Seruauit
392 1797 580 1838 consiliis
609 1795 710 1839 suis.
767 1795 859 1838 Cn.
891 1796 1107 1838 Abeamus
1136 1796 1251 1835 intro
1279 1793 1386 1833 hinc
1414 1789 1470 1830 ad
1498 1803 1583 1831 me.

164 1871 235 1912 St.
249 1872 390 1928 Atque
415 1874 632 1929 aliquanto
652 1873 890 1918 lubentius,
910 1886 1040 1928 quam
1061 1871 1136 1912 abs
1160 1879 1201 1910 te
1224 1869 1316 1909 sum
1337 1865 1518 1923 egressus
1539 1866 1670 1907 intuo.

163 1946 332 1989 Virtute
357 1959 487 2006 atque
514 1947 707 2005 auspicio
727 1949 905 2006 Epidici
927 1961 1029 1989 cum
1051 1945 1208 2003 praeda
1228 1947 1276 1989 in
1301 1941 1428 1985 castra
1447 1941 1592 1982 redeo.
1617 1955 1672 1993 45

387 2129 712 2172 Achs
780 2133 880 2174 111.
963 2127 1284 2173 SCENA
1349 2127 1450 2167 111.

453 2242 805 2284 PERIPHANES,
835 2240 1142 2281 APOECIDES,
1179 2236 1385 2270 SERVVS·

223 2340 326 2383 Non
354 2342 443 2382 orie
471 2338 593 2381 causa
619 2340 754 2381 modo
784 2341 988 2381 homines
1013 2352 1200 2394 aequom
1227 2335 1313 2377 fuit

170 2416 266 2458 Sibi
297 2418 456 2458 habere
487 2416 726 2472 speculum,
764 2416 843 2456 vbi
869 2428 919 2455 oa
946 2414 1291 2469 contemplarent
1317 2408 1457 2454 suum.

168 2493 279 2541 Sed,
310 2496 388 2549 qui
414 2492 654 2550 perspicere
683 2491 849 2547 poss‘ent
877 2504 964 2536 cor,
994 2488 1242 2545 sapientiae,

164 2570 303 2626 igitur
330 2569 571 2625 perspicere
598 2579 647 2608 vt
675 2565 834 2624 possint
858 2566 999 2608 cordis
1031 2566 1216 2621 copiam.

168 2647 254 2689 Vbi
283 2645 332 2687 id
362 2645 658 2700 inspexissent‚
688 2644 928 2699 cogitarent
954 2639 1111 2698 postea,
1655 2640 1682 2679 ⁵

169 2723 312 2762 Vitam
344 2729 392 2759 vt
421 2719 622 2761 vixiffent
651 2720 757 2759 olim
786 2721 834 2758 in
864 2717 1172 2759 adolescentia:

169 2797 248 2839 Vel
278 2797 396 2855 quasi
429 2806 624 2853 egomet,
663 2797 739 2852 qui
770 2795 878 2837 dum
905 2793 986 2835 filii
1017 2789 1137 2836 causa
1172 2800 1399 2845 coeperam
