1742 2924
178 175 295 220 622'‹
457 213 460 218 Α
740 179 747 191 ”
795 151 1074 236 νὀιξὶῑνιι

181 317 270 356 Mt.
302 312 480 354 Curram
513 310 646 368 igitur
672 311 821 367 aliquo
862 311 915 352 ad
949 302 1184 368 piscinam,
1227 311 1498 360 antheum,
1533 292 1708 357 limum·

1095 398 1222 428 etam.
1408 401 1411 410 ’
1637 394 1698 431 80

182 470 267 510 Ao.
300 464 419 547 Quid
453 477 505 505 eo
536 477 626 519 opu
629 462 704 503 st?
750 464 840 504 Mz.
871 462 962 520 Ego
992 402 1158 504 dicim:
1192 474 1240 504 vt
1271 464 1335 504 illi
1365 475 1408 505 et
1435 446 1516 505 tibi
1540 463 1694 507 limem
1723 433 1726 438 1

1060 546 1203 594 caput.

140 643 148 647 ·
183 622 268 662 Aa.
302 618 321 657 1
353 617 398 656 in
430 615 587 657 malam
618 627 727 654 rem.
788 614 878 656 Mn
904 613 972 656 Ibi
1000 609 1110 654 sum
1120 613 1337 670 equidem.
1398 618 1482 655 Aa.
1512 594 1694 670 Pergis?

857 693 944 731 M1.
964 691 1123 730 Taceo.
1164 695 1248 731 Ao.
1269 690 1327 730 Δι’
1343 700 1554 745 perpetuo
1578 691 1691 733 volo.

180 769 271 809 Mt.
301 765 553 809 Enimvero,
583 764 703 810 here,
734 778 833 806 meo
862 779 934 805 me
959 764 1120 805 laceffis
1150 765 1267 812 ludo,
1301 776 1344 806 et
1373 765 1549 807 delicias
1570 765 1692 809 facis.

180 848 271 886 ΛΝ.
304 842 415 882 Satis
445 852 564 880 nunc
585 839 728 894 lepide
757 850 953 881 ornatam
978 842 1124 887 credo,
1154 840 1285 886 soror,
1315 849 1358 880 te
1381 842 1463 880 tibi
1484 842 1692 894 viderier·
1717 883 1719 886 ,

180 918 265 958 Sed
286 917 362 956 vbi
384 915 580 968 exempla
602 914 881 955 conferentur
900 917 1180 957 meretricum
1199 914 1485 970 aliar11n1‚ibi
1508 917 1590 967 tibi
1641 906 1711 967 85

176 992 273 1034 Erit
302 990 563 1037 cordolium,
594 992 622 1030 fi
654 1003 778 1047 quam
806 995 999 1033 ornatam
1026 993 1182 1032 melius
1214 990 1323 1032 forte
1349 991 1634 1047 conspexeris.

179 1075 273 1113 AD.
311 1066 483 1108 Inuidia
519 1068 566 1105 in
593 1080 664 1107 me
694 1081 936 1123 numquam
969 1064 1176 1115 innata’st,
1205 1080 1346 1122 neque
1378 1067 1557 1115 malitia,
1594 1081 1694 1109 mea

854 1142 992 1184 soror:

176 1222 306 1265 Bono
339 1219 519 1277 ingenio
552 1233 623 1259 me
662 1218 742 1260 effe
782 1230 993 1265 ornatam,
1030 1229 1294 1274 quam-auro
1322 1217 1464 1258 multo
1499 1219 1691 1260 mauolo.

175 1299 421 1341 Aurum-‘in
450 1295 623 1335 fortuna
657 1295 895 1340 inuenitur,
927 1303 1079 1333 natura
1114 1293 1341 1348 ingenium
1378 1288 1560 1333 bonurn.
1586 1321 1589 1324 ,

175 1374 346 1416 Bonam
367 1385 447 1427 ego
476 1384 608 1427 quam
628 1370 797 1410 beatam
832 1383 903 1409 me
932 1369 1011 1407 effe
1039 1369 1179 1407 nimio
1213 1368 1302 1407 dici
1330 1371 1520 1410 mauolo.
1638 1383 1692 1421 9ο

173 1430 453 1490 Meretricem
481 1445 694 1501 pudorem
722 1458 866 1500 gerere
899 1444 1034 1498 magis
1065 1443 1202 1489 decet,
1231 1458 1358 1498 quam
1386 1457 1643 1501 purpuram·

173 1525 406 1580 Magisque
426 1522 697 1561 meretricem
716 1519 942 1573 pudorem,
964 1531 1094 1574 quam
1109 1532 1269 1559 aurum
1297 1529 1443 1581 gerere
1466 1519 1690 1560 condecet

171 1601 381 1643 Pulcrum
415 1607 616 1639 ornatum
643 1589 789 1650 turpes
818 1608 961 1635 mores
982 1595 1107 1649 peius
1137 1607 1274 1634 coeno
1306 1595 1551 1636 confluunt.

173 1674 341 1733 Lepidi
361 1686 506 1714 mores
536 1682 709 1725 turpem
735 1679 936 1710 ornatum
969 1668 1095 1708 facile
1121 1669 1245 1708 factis
1280 1672 1576 1725 comprobant.

110 1750 114 1756 ’
177 1756 264 1794 Aa.
292 1751 387 1791 Eho
429 1759 499 1795 tu,
547 1748 638 1788 vin‘
666 1757 714 1787 tu
746 1744 916 1786 facinus
959 1744 1102 1784 facere
1137 1745 1334 1799 lepidum
1373 1737 1416 1786 et
1454 1744 1689 1786 festinem?
1741 1742 1742 1748 ¹

852 1823 941 1861 Mz.
969 1821 1092 1860 Volo.
1619 1835 1683 1871 95
1736 1827 1738 1829 ’

177 1905 263 1944 Aa
290 1901 479 1941 Potesne
501 1898 614 1938 mihi
637 1895 905 1937 auscultare?
947 1898 1035 1936 Mt.
1056 1895 1243 1936 Poss‘um.
1279 1872 1366 1951 Ap.
1386 1894 1469 1934 Abi
1493 1894 1688 1943 domum,
1714 1930 1729 1955 ‚K

851 1985 900 2011 ac
928 1970 1142 2027 suspende
1171 1981 1236 2011 te.

175 2058 263 2099 Mr.
297 2051 624 2110 Quamobrem?
681 2056 767 2092 AG.
799 2048 913 2102 Quia
954 2048 1041 2086 iam
1074 2055 1318 2100 numquam
1351 2043 1524 2084 audibis
1558 2044 1689 2112 verba

851 2133 915 2163 tot
948 2133 1036 2161 tam
1066 2121 1224 2161 suania-

173 2204 296 2260 Quid
321 2204 403 2244 tibi
427 2200 562 2255 opu'st
584 2199 762 2241 vixiss'e‘?
790 2197 980 2240 ausculta
1008 2196 1121 2236 mihi
1143 2195 1290 2249 modo,
1317 2203 1368 2234 ac
1390 2191 1602 2251 suspende
1626 2202 1684 2234 te.
1726 2186 1727 2189 ¹

174 2283 264 2322 Μι.
295 2278 528 2334 Siquidem,
553 2287 600 2317 tu
630 2290 674 2315 es
701 2288 876 2315 mecum
903 2273 1074 2313 futurus
1098 2284 1173 2326 pro
1201 2284 1284 2310 vna
1310 2268 1419 2324 paffa
1444 2267 1629 2321 pensilis.

174 2361 261 2399 Ao.
281 2355 335 2394 At
357 2367 436 2409 ego
459 2365 555 2392 amo
580 2353 705 2392 hanc.
746 2352 835 2392 ffllz.
856 2350 909 2390 At
926 2362 1004 2403 ego
1026 2347 1106 2387 effe
1128 2355 1170 2386 et
1189 2346 1350 2385 bibere.
1388 2348 1479 2384 AD.
1502 2344 1598 2383 Eho
1622 2352 1685 2391 tn,

823 2424 955 2481 ·quid
985 2422 1079 2462 ais?
1120 2425 1208 2462 ΛΝ.
1238 2418 1371 2473 Quid,
1394 2417 1547 2472 rogas?
1596 2430 1685 2475 ⁵zor)

175 2513 268 2551 AD.
299 2492 457 2547 Viden?
477 2505 555 2546 tu?
592 2504 724 2560 >pleni
757 2501 874 2543 oculi
903 2498 1096 2539 sordium
1124 2497 1202 2551 qui
1234 2505 1376 2540 erant,
1422 2496 1508 2533 iam
1546 2491 1684 2548 splen-

846 2574 950 2614 dent
985 2572 1112 2612 mibi.

175 2661 264 2699 AN.
292 2657 431 2698 Immo
463 2656 594 2697 etiam
616 2654 662 2694 in
685 2651 832 2694 medio
854 2649 980 2690 oculo
1007 2647 1201 2702 paullum
1225 2643 1396 2687 [ordi'st.
1444 2648 1536 2686 AD.
1560 2641 1683 2683 Cedo

849 2725 897 2764 [is
936 2723 1168 2764 dexteram.
1255 2726 1257 2729 ’
