1742 2924
217 180 310 238 ςο6
708 192 912 229 muns
963 191 1210 229 Gtoaxosx

212 301 341 342 Parui
371 313 450 356 ego
478 298 575 341 illos
597 299 732 341 facio:
762 302 896 356 agite,
941 302 999 340 ite
1035 314 1135 340 cum
1165 299 1248 338 diis
1279 301 1651 346 beneuolentibua.

213 376 306 421 ΡΑ.
335 377 432 416 Tua
463 390 541 434 ego
572 378 657 419 hoc
693 376 814 418 causa
846 376 957 418 dico.
1020 375 1103 417 Pr.
1137 375 1292 415 Credo.
1352 377 1441 419 ΡΑ.
1473 379 1560 418 Iam
1597 381 1708 420 vale.

1087 451 1170 492 Pr.
1204 451 1259 491 Et
1286 460 1333 490 tu
1361 453 1471 498 bene
1501 456 1611 493 vale.

169 528 171 530 ’
215 527 305 569 ΡΑ.
330 528 393 567 Ite
415 527 524 567 cito:
559 527 644 565 iam
668 538 748 580 ego
779 523 983 580 adsequar
1008 540 1110 567 vos:
1151 540 1249 568 curn
1278 528 1381 568 hero
1410 517 1543 584 pauca
1580 512 1712 571 etiam

1086 602 1246 657 loquar.

214 676 492 733 Quamquam
522 676 627 714 alios
658 673 871 715 fideliores
904 673 1067 730 semper
1093 677 1276 718 habuisti
1304 680 1384 719 tibi

207 751 359 806 Quam
408 764 503 797 me,
553 761 700 791 tamen
758 751 842 791 tibi
893 752 1030 792 habeo
1082 765 1282 808 magnam
1341 757 1518 810 gratiam
1569 772 1711 800 rerum

1088 830 1287 868 omnium
1303 843 1319 868 :-
1657 848 1709 885 45

210 906 271 947 Et
293 907 324 945 fi
355 907 413 946 ita
443 904 652 946 sententia
686 904 808 950 estet,
836 904 918 943 tibi
952 902 1107 943 seruire
1137 905 1345 943 mauelim

210 981 367 1028 Multo,
397 995 525 1038 quam
565 982 639 1020 alii
671 981 852 1020 libertus
881 977 973 1019 effe.
1034 979 1117 1021 Pr.
1148 964 1269 1017 Habe
1299 979 1467 1019 bonum
1502 984 1712 1025 animum.

1086 1054 1176 1096 ΡΛ.
1210 1055 1308 1095 Hau
1335 1052 1470 1095 mihi!

211 1131 362 1185 Quum
386 1133 510 1173 venit
537 1131 650 1171 mihi
678 1130 724 1169 in
753 1138 968 1176 mentem,
999 1140 1049 1170 vt
1073 1143 1214 1171 mores
1243 1131 1441 1170 mutandi
1470 1132 1588 1180 fient,

210 1207 448 1248 Muliebre‘s
480 1219 623 1246 mores
649 1204 868 1251 discendi,
914 1204 1202 1246 obliuiscendi
1230 1205 1463 1248 stratiotici.

209 1282 297 1327 Pr.
327 1283 358 1321 F
362 1294 411 1322 ac
436 1282 486 1322 fis
515 1281 644 1336 frugi.
705 1279 796 1321 ΡΑ.
829 1281 919 1319 Iam
948 1293 1038 1322 non
1067 1281 1247 1335 poffum,
1266 1283 1397 1323 famifi
1417 1298 1593 1327 omnem
1619 1286 1717 1325 libi-

723 1399 729 1406 1
1090 1356 1253 1396 dinem.
1688 1377 1716 1402 0

211 1431 298 1475 Pr.
329 1432 362 1476 1,
389 1430 565 1486 sequere
598 1431 708 1478 illos,
737 1443 793 1470 ne
822 1442 1001 1470 morere.
1043 1431 1136 1474 Pa.
1164 1432 1285 1472 Bene
1306 1434 1413 1473 vale.
1471 1434 1554 1476 ΡΥ.
1583 1437 1639 1478 Et
1664 1375 1716 1478 {u

1086 1509 1199 1548 bene
1232 1509 1341 1548 vale.

209 1587 301 1630 ΡΑ.
336 1585 519 1640 Quaeso,
549 1596 599 1626 vt
626 1587 894 1632 memineris,
924 1586 950 1625 fi
977 1585 1088 1625 forte
1115 1584 1224 1624 liber
1248 1582 1341 1623 fieri
1370 1583 1634 1639 obceperim,
1694 1581 1697 1582 ⁷

207 1662 386 1703 Mittam
411 1662 619 1701 nuntium
652 1661 705 1700 ad
734 1669 790 1706 te,
819 1673 874 1701 ne
904 1674 977 1700 me
999 1660 1176 1700 deseras.
1233 1658 1316 1699 Pr.
1344 1658 1446 1699 Non
1470 1659 1527 1699 eft
1551 1674 1715 1703 meum.

207 1738 302 1783 ΡΑ.
337 1736 536 1791 Cogitato
570 1735 850 1782 idemtidem,
878 1737 960 1776 tibi
990 1748 1118 1791 quam
1153 1732 1290 1773 fidelis
1319 1732 1491 1775 fuerim.

209 1812 257 1852 Si
282 1810 329 1850 id
350 1810 494 1855 facies,
510 1819 603 1850 tum
626 1810 802 1850 demum
820 1809 962 1856 scibis,
982 1813 1064 1852 tibi
1080 1810 1159 1866 qui
1174 1810 1313 1850 bonus
1331 1810 1390 1855 fit,
1404 1810 1477 1864 qui
1492 1811 1640 1852 malus.
1663 1824 1712 1862 ςς

210 1888 295 1934 Pr.
326 1886 426 1927 Scio
457 1896 501 1925 et
520 1886 718 1941 perspexi
742 1887 886 1944 saepe:
916 1900 1068 1928 verum
1091 1900 1227 1941 quum
1253 1886 1446 1929 antehac,
1467 1894 1563 1926 tum
1583 1886 1716 1928 hodie

1089 1974 1304 2002 maxume.

207 2036 301 2081 ΡΛ.
324 2034 464 2075 Scies:
495 2035 634 2076 immo
661 2035 794 2076 hodie
816 2049 971 2077 verum
991 2036 1153 2078 factum
1183 2036 1280 2076 faxo
1305 2032 1396 2090 post
1418 2033 1513 2076 dice
1559 2037 1712 2091 magia.
1741 2022 1742 2073 ἶ

209 2111 293 2156 ΡΥ.
315 2111 398 2152 Vix
426 2112 654 2167 reprimor,
688 2112 797 2166 quin
825 2120 868 2152 te
896 2125 1072 2152 manere
1102 2112 1288 2152 iubeam.
1344 2109 1439 2151 ΡΑ.
1466 2110 1526 2152 Ca
1609 2111 1716 2153 istuc

1087 2187 1255 2227 feceris.

205 2264 367 2303 Dicent
395 2271 436 2302 te
465 2261 736 2308 mendacem,
769 2273 851 2300 nec
883 2274 1037 2302 verum
1067 2262 1158 2309 effe,
1197 2260 1282 2301 fide
1312 2264 1428 2303 nulla
1459 2265 1539 2305 effe
1566 2277 1632 2307 te:
1725 2249 1742 2303 ²}

204 2338 366 2378 Dicant
400 2334 624 2376 seruorum
655 2346 824 2390 praeter
855 2350 927 2376 me
957 2337 1036 2377 ess'e
1065 2336 1239 2377 fidelem
1269 2341 1505 2381 neminem.
1658 2326 1742 2396 60³}

205 2413 321 2453 Nam
354 2413 380 2451 fi
407 2410 583 2452 honeste
615 2410 807 2450 censeam
840 2420 882 2451 te
910 2410 1046 2451 facere
1077 2412 1212 2467 posse,
1242 2412 1463 2454 suadeam:
1721 2407 1723 2409 ¹

205 2488 366 2527 Verum
401 2500 493 2528 non
524 2485 681 2542 potest:
721 2499 829 2526 caue
855 2484 977 2527 faxis.
1037 2486 1120 2529 Pr.
1151 2487 1256 2534 Abi,
1301 2490 1386 2529 iam
1426 2493 1563 2545 patiar
1592 2493 1718 2547 quid,

448 2559 451 2561 ‘
1088 2563 1197 2616 quid
1225 2562 1294 2603 est.

212 2639 301 2684 ΡΑ.
327 2639 447 2682 Bene
468 2639 563 2680 vale
583 2639 730 2696 igitur.
772 2638 855 2680 Pr.
880 2639 946 2679 Ire
968 2639 1125 2691 melius
1151 2636 1206 2676 est
1227 2638 1406 2679 strenue.
1456 2639 1546 2682 ΡΛ.
1572 2638 1715 2683 Etiam

1089 2725 1208 2754 nunc
1242 2714 1350 2755 vale.
1380 2715 1508 2769 (abit)
