1742 2924
237 163 334 210 880
631 151 635 154 ⁴
754 170 811 206 Μ.
851 170 996 233 Aeon
1035 164 1225 209 PtAvT't

664 293 708 337 7.
759 292 858 327 BIS
922 295 1310 331 coMPRESSA.

852 377 1144 408 BOEOTIA.

293 442 348 483 Vt
377 440 500 480 illum
530 440 606 478 Dii
635 439 841 495 perdant,
871 442 1037 495 primus
1064 444 1139 497 qui
1169 443 1296 484 horas
1323 445 1522 502 repperit,
1583 432 1589 442 ’

239 520 418 574 Quique
445 516 552 557 adeo
582 517 750 570 primus
777 516 851 556 hic
879 515 1022 557 statuit
1050 515 1267 567 solarium,

237 595 328 649 Qui
357 593 468 632 mihi
498 591 763 631 comminuit
790 590 946 631 misero
978 594 1244 634 articulatim
1272 593 1403 637 diem.

230 668 346 710 Nam
378 681 448 707 me
477 680 611 722 puero
641 677 788 706 vterus
819 667 891 708 hic
919 677 1008 707 erat
1038 667 1239 710 solarium

233 746 381 789 Multo
414 743 613 783 onmium
647 741 822 781 istorum
853 753 1084 796 optumum
1119 755 1163 785 et
1193 744 1494 794 veriss'umumz

233 821 319 861 Vbi
346 819 418 859 iste
446 820 652 859 monebat
681 817 781 866 effe;
809 818 886 856 nifi
916 833 1051 874 quum
1082 821 1195 860 nihil
1225 831 1327 861 erat.

234 898 367 938 Nunc
393 897 546 939 etiam,
588 893 706 948 quod
736 893 814 940 est,
857 906 945 933 non
980 894 1058 941 est,
1089 896 1166 933 niti
1197 896 1287 936 soli·
1305 897 1440 936 lubet.

231 973 380 1027 Itaque
407 970 512 1010 adeo
539 972 626 1018 iam
654 969 879 1024 obpletum
910 968 965 1007 est
995 970 1207 1026 oppidum
1238 970 1416 1012 solariis.

230 1048 374 1088 Maior
406 1060 503 1101 pars
532 1047 686 1102 populi
713 1046 819 1085 aridi
849 1055 1019 1100 reptant
1047 1043 1175 1097 fame.

603 1160 646 1205 8.
686 1167 871 1199 CAEcvs
916 1155 1001 1195 flue
1042 1138 1409 1204 Ρωιιεηοικηῑε».ἱ

286 1232 413 1275 Nihil
442 1229 683 1286 quidquam
713 1229 878 1271 factum
908 1231 985 1269 nifi
1014 1228 1154 1277 fabre,
1196 1244 1278 1272 nec

233 1300 473 1367 quidquam
504 1308 689 1363 positum
717 1307 802 1345 fine
829 1307 952 1352 luco,
981 1320 1109 1352 auro,
1139 1291 1292 1352 ehem,
1322 1320 1384 1353 ar·

226 1395 385 1443 gento,
418 1398 628 1439 purpura,
660 1382 868 1437 picturis,
901 1381 1068 1434 spoliis,
1100 1393 1194 1422 tum
1224 1381 1382 1424 statuis.
1423 1370 1429 1377 ’

226 1464 383 1516 Neque
411 1474 503 1500 eam
534 1473 556 1498 a
586 1471 657 1497 me
690 1458 832 1496 inuito
863 1470 1070 1510 vmquam
1102 1458 1307 1497 abduces.

227 1536 422 1591 Spectari
452 1534 578 1573 ludos
610 1531 839 1586 magnifice
879 1540 1005 1585 atque
1041 1532 1670 1586 opulenter..
1713 1550 1723 1587 3

223 1614 405 1666 Peregre
435 1608 503 1649 est.
1601 1590 1605 1603 ’

223 1688 351 1729 Plure
381 1686 512 1726 altero
544 1692 690 1729 tanto,
719 1690 880 1737 quanto
913 1682 1007 1721 eius
1038 1678 1199 1721 fundus
1230 1676 1308 1727 est,
1337 1681 1485 1722 velim.

224 1765 288 1804 Ita
315 1761 415 1801 sunt
443 1759 706 1816 praedones,
740 1757 938 1813 prorsum
966 1765 1147 1810 parcunt
1178 1758 1361 1796 nemini.

224 1838 366 1881 Velim
399 1847 441 1877 te
479 1823 674 1875 arbitrari
713 1832 892 1874 factum.
962 1835 1018 1872 R.
1057 1831 1266 1871 Sedulum
1305 1830 1384 1872 est:
1423 1820 1723 1875 submonentm

1049 1901 1213 1948 hostes,
1242 1914 1524 1962 remouennu·
1554 1898 1722 1959 lapides.

223 1967 270 2024 Si
298 1994 389 2022 non
417 1977 585 2019 strenue
612 1977 792 2024 fatetur,
822 1974 899 2017 vbi
930 1974 977 2016 fit
1005 1989 1178 2021 aurum,
1225 1976 1416 2018 membra
1448 1980 1541 2018 eius
1569 1976 1722 2026 exsece-

1044 2061 1142 2088 mus
1179 2038 1302 2087 [erra'.
1679 2061 1722 2088 ιε

218 2121 343 2164 Nihil
371 2116 455 2160 feci
484 2116 603 2158 secus
634 2123 764 2171 quam
794 2128 866 2154 me
900 2113 1038 2156 decet.
1480 2115 1482 2117 ’
1565 2113 1570 2120 “

221 2197 332 2252 Quis
363 2206 412 2236 tu
438 2207 504 2240 es,
538 2191 615 2248 qui
642 2191 766 2231 ducis
793 2191 894 2230 me?
935 2187 1035 2231 mu!
1077 2191 1188 2246 perii
1215 2189 1384 2236 hercle,
1410 2185 1515 2228 Afer
1545 2187 1615 2230 est.

778 2313 820 2356 9.
862 2311 1163 2343 CALchLvs.

274 2376 532 2420 Monutcam
561 2388 719 2417 nucem
749 2375 871 2428 super
899 2376 993 2415 eius
1028 2374 1136 2415 dixit
1167 2371 1404 2431 inpendere
1434 2374 1611 2429 tegulas.

742 2495 814 2527 10.
853 2491 1203 2527 cAnBONAmA.

270 2560 518 2604 Secundum
551 2560 684 2615 ipsam
722 2572 836 2598 aram
865 2543 1015 2597 aurum
1046 2553 1315 2597 abscondidi.
1371 2600 1374 2601 ⁷

214 2633 312 2675 Esto
340 2646 533 2686 pernam,
565 2630 714 2669 sumen
742 2628 889 2673 rueris,
919 2626 1107 2680 speculo,
1148 2626 1320 2669 callum,
1353 2623 1536 2678 glan'ch’a.

212 2702 436 2744 Patibulus
462 2700 570 2742 ferar
593 2709 668 2754 per
692 2698 867 2743 vrbem,
905 2695 1064 2736 deinde
1095 2693 1252 2749 adfigat
1285 2694 1420 2735 cruci.
