<?xml version="1.0" encoding="UTF-8"?>
<!DOCTYPE html PUBLIC "-//W3C//DTD XHTML 1.0 Transitional//EN"
    "http://www.w3.org/TR/xhtml1/DTD/xhtml1-transitional.dtd">
<html xmlns="http://www.w3.org/1999/xhtml" xml:lang="en" lang="en">
 <head>
  <title>
</title>
<meta http-equiv="Content-Type" content="text/html;charset=utf-8" />
  <meta name='ocr-system' content='tesseract 3.04.00' />
  <meta name='ocr-capabilities' content='ocr_page ocr_carea ocr_par ocr_line ocrx_word'/>
</head>
<body>
  <div class='ocr_page' id='page_1' title='image "./commentariusperp02plauuoft_0778.png"; bbox 0 0 1742 2924; ppageno 0'>
   <div class='ocr_carea' id='block_1_1' title="bbox 153 110 1278 178">
    <p class='ocr_par' dir='ltr' id='par_1_1' title="bbox 153 110 1278 178">
     <span class='ocr_line' id='line_1_1' title="bbox 153 110 1278 178; baseline -0.005 -3"><span class='ocrx_word' id='word_1_1' title='bbox 153 130 250 175; x_wconf 80' lang='lat'>774</span> <span class='ocrx_word' id='word_1_2' title='bbox 511 110 513 113; x_wconf 54' lang='grc'>’</span> <span class='ocrx_word' id='word_1_3' title='bbox 801 132 1020 178; x_wconf 61' lang='lat' dir='ltr'>suem</span> <span class='ocrx_word' id='word_1_4' title='bbox 1270 136 1278 153; x_wconf 90' lang='grc'><strong><em>·</em></strong></span> 
     </span>
    </p>
   </div>
   <div class='ocr_carea' id='block_1_2' title="bbox 156 230 1731 510">
    <p class='ocr_par' dir='ltr' id='par_1_2' title="bbox 156 230 1731 371">
     <span class='ocr_line' id='line_1_2' title="bbox 156 230 1731 298; baseline 0.002 -17"><span class='ocrx_word' id='word_1_5' title='bbox 156 239 271 281; x_wconf 77' lang='lat' dir='ltr'>Nam</span> <span class='ocrx_word' id='word_1_6' title='bbox 293 252 364 281; x_wconf 89' lang='lat' dir='ltr'>me</span> <span class='ocrx_word' id='word_1_7' title='bbox 385 235 563 294; x_wconf 84' lang='lat' dir='ltr'>quidem</span> <span class='ocrx_word' id='word_1_8' title='bbox 587 239 738 280; x_wconf 81' lang='lat' dir='ltr'>harum</span> <span class='ocrx_word' id='word_1_9' title='bbox 769 237 1011 282; x_wconf 79' lang='lat' dir='ltr'>miserebat.</span> <span class='ocrx_word' id='word_1_10' title='bbox 1072 241 1160 283; x_wconf 83' lang='lat' dir='ltr'>Dr.</span> <span class='ocrx_word' id='word_1_11' title='bbox 1192 241 1305 298; x_wconf 80' lang='lat' dir='ltr'>Ergo</span> <span class='ocrx_word' id='word_1_12' title='bbox 1331 238 1551 284; x_wconf 35' lang='lat' dir='ltr'>‘auxilium&#39;</span> <span class='ocrx_word' id='word_1_13' title='bbox 1572 255 1668 296; x_wconf 86' lang='lat' dir='ltr'>pro·</span> <span class='ocrx_word' id='word_1_14' title='bbox 1723 230 1731 242; x_wconf 57' lang='lat'>⁸</span> 
     </span>
     <span class='ocr_line' id='line_1_3' title="bbox 837 316 1664 371; baseline 0.004 -16"><span class='ocrx_word' id='word_1_15' title='bbox 837 330 936 371; x_wconf 85' lang='lat' dir='ltr'>pere</span> <span class='ocrx_word' id='word_1_16' title='bbox 967 317 1101 357; x_wconf 80' lang='lat' dir='ltr'>latum</span> <span class='ocrx_word' id='word_1_17' title='bbox 1131 316 1200 357; x_wconf 87' lang='lat' dir='ltr'>est.</span> <span class='ocrx_word' id='word_1_18' title='bbox 1376 356 1383 368; x_wconf 70' lang='grc'><strong><em>,</em></strong></span> <span class='ocrx_word' id='word_1_19' title='bbox 1644 332 1664 369; x_wconf 83' lang='grc' dir='ltr'><strong><em>ς</em></strong></span> 
     </span>
    </p>

    <p class='ocr_par' dir='ltr' id='par_1_3' title="bbox 161 386 1668 510">
     <span class='ocr_line' id='line_1_4' title="bbox 161 386 1668 449; baseline 0.003 -19"><span class='ocrx_word' id='word_1_20' title='bbox 161 391 249 435; x_wconf 68' lang='grc' dir='ltr'>ΡΑ.</span> <span class='ocrx_word' id='word_1_21' title='bbox 282 388 496 449; x_wconf 79' lang='lat' dir='ltr'>Quisnam</span> <span class='ocrx_word' id='word_1_22' title='bbox 529 386 602 432; x_wconf 86' lang='lat' dir='ltr'>hic</span> <span class='ocrx_word' id='word_1_23' title='bbox 631 389 824 446; x_wconf 85' lang='lat' dir='ltr'>loquitur</span> <span class='ocrx_word' id='word_1_24' title='bbox 859 403 943 433; x_wconf 79' lang='lat' dir='ltr'>tam</span> <span class='ocrx_word' id='word_1_25' title='bbox 972 406 1105 449; x_wconf 73' lang='lat' dir='ltr'>prope</span> <span class='ocrx_word' id='word_1_26' title='bbox 1136 394 1249 434; x_wconf 72' lang='lat' dir='ltr'>nos?</span> <span class='ocrx_word' id='word_1_27' title='bbox 1306 394 1395 435; x_wconf 77' lang='lat' dir='ltr'>Dz.</span> <span class='ocrx_word' id='word_1_28' title='bbox 1420 391 1668 436; x_wconf 84' lang='lat' dir='ltr'>Dinaciurn.</span> 
     </span>
     <span class='ocr_line' id='line_1_5' title="bbox 841 466 1221 510; baseline 0.005 -3"><span class='ocrx_word' id='word_1_29' title='bbox 841 470 925 510; x_wconf 72' lang='grc' dir='ltr'>ΡΛ.</span> <span class='ocrx_word' id='word_1_30' title='bbox 956 466 1035 508; x_wconf 87' lang='lat' dir='ltr'>Vbi</span> <span class='ocrx_word' id='word_1_31' title='bbox 1065 466 1102 508; x_wconf 82' lang='lat' dir='ltr'>is</span> <span class='ocrx_word' id='word_1_32' title='bbox 1135 467 1221 509; x_wconf 74' lang='lat' dir='ltr'>est?</span> 
     </span>
    </p>
   </div>
   <div class='ocr_carea' id='block_1_3' title="bbox 163 538 1671 668">
    <p class='ocr_par' dir='ltr' id='par_1_4' title="bbox 163 538 1671 668">
     <span class='ocr_line' id='line_1_6' title="bbox 163 538 1671 602; baseline 0.003 -21"><span class='ocrx_word' id='word_1_33' title='bbox 163 542 251 584; x_wconf 78' lang='lat' dir='ltr'>Dr.</span> <span class='ocrx_word' id='word_1_34' title='bbox 281 538 460 595; x_wconf 82' lang='lat' dir='ltr'><strong>Respice</strong></span> <span class='ocrx_word' id='word_1_35' title='bbox 493 554 578 588; x_wconf 88' lang='lat' dir='ltr'>me,</span> <span class='ocrx_word' id='word_1_36' title='bbox 618 553 661 582; x_wconf 89' lang='lat' dir='ltr'>et</span> <span class='ocrx_word' id='word_1_37' title='bbox 693 541 888 599; x_wconf 79' lang='lat' dir='ltr'>relinque</span> <span class='ocrx_word' id='word_1_38' title='bbox 926 556 1123 601; x_wconf 75' lang='lat' dir='ltr'><strong>egentem</strong></span> <span class='ocrx_word' id='word_1_39' title='bbox 1158 547 1397 602; x_wconf 77' lang='lat' dir='ltr'>parasitum,</span> <span class='ocrx_word' id='word_1_40' title='bbox 1425 544 1671 602; x_wconf 69' lang='lat' dir='ltr'>Panegyrie.</span> 
     </span>
     <span class='ocr_line' id='line_1_7' title="bbox 164 612 1666 668; baseline 0.004 -13"><span class='ocrx_word' id='word_1_41' title='bbox 164 617 251 658; x_wconf 74' lang='grc' dir='ltr'>ΡΑ.</span> <span class='ocrx_word' id='word_1_42' title='bbox 276 612 532 656; x_wconf 84' lang='lat' dir='ltr'>Dinacium!</span> <span class='ocrx_word' id='word_1_43' title='bbox 583 619 671 657; x_wconf 85' lang='lat' dir='ltr'>Dr.</span> <span class='ocrx_word' id='word_1_44' title='bbox 706 617 811 659; x_wconf 83' lang='lat' dir='ltr'>Istuc</span> <span class='ocrx_word' id='word_1_45' title='bbox 840 617 1037 662; x_wconf 83' lang='lat' dir='ltr'>indidere</span> <span class='ocrx_word' id='word_1_46' title='bbox 1063 635 1225 662; x_wconf 82' lang='lat' dir='ltr'>nomen</span> <span class='ocrx_word' id='word_1_47' title='bbox 1254 618 1438 662; x_wconf 83' lang='lat' dir='ltr'>maiores</span> <span class='ocrx_word' id='word_1_48' title='bbox 1464 618 1589 661; x_wconf 87' lang='lat' dir='ltr'>mihi.</span> <span class='ocrx_word' id='word_1_49' title='bbox 1650 627 1666 668; x_wconf 63' lang='grc' dir='ltr'>ξ</span> 
     </span>
    </p>
   </div>
   <div class='ocr_carea' id='block_1_4' title="bbox 117 689 1684 1819">
    <p class='ocr_par' dir='ltr' id='par_1_5' title="bbox 164 689 1674 828">
     <span class='ocr_line' id='line_1_8' title="bbox 164 689 1674 764; baseline 0.001 -29"><span class='ocrx_word' id='word_1_50' title='bbox 164 692 254 735; x_wconf 76' lang='lat' dir='ltr'>PA.</span> <span class='ocrx_word' id='word_1_51' title='bbox 278 691 397 746; x_wconf 71' lang='lat' dir='ltr'>Quid</span> <span class='ocrx_word' id='word_1_52' title='bbox 422 689 542 746; x_wconf 65' lang='lat' dir='ltr'>agis‘²</span> <span class='ocrx_word' id='word_1_53' title='bbox 591 697 680 738; x_wconf 71' lang='lat' dir='ltr'>Dr.</span> <span class='ocrx_word' id='word_1_54' title='bbox 702 695 825 764; x_wconf 85' lang='lat' dir='ltr'><strong>Quid</strong></span> <span class='ocrx_word' id='word_1_55' title='bbox 848 711 984 753; x_wconf 82' lang='lat' dir='ltr'>agam,</span> <span class='ocrx_word' id='word_1_56' title='bbox 1016 694 1206 751; x_wconf 73' lang='lat' dir='ltr'>rogitas?</span> <span class='ocrx_word' id='word_1_57' title='bbox 1256 699 1337 740; x_wconf 80' lang='grc' dir='ltr'>ΡΛ.</span> <span class='ocrx_word' id='word_1_58' title='bbox 1369 695 1536 752; x_wconf 84' lang='lat' dir='ltr'>Quidni</span> <span class='ocrx_word' id='word_1_59' title='bbox 1565 696 1674 753; x_wconf 85' lang='lat' dir='ltr'>rogi-</span> 
     </span>
     <span class='ocr_line' id='line_1_9' title="bbox 845 772 1674 828; baseline -0.001 -15"><span class='ocrx_word' id='word_1_60' title='bbox 845 774 966 814; x_wconf 72' lang='lat' dir='ltr'>tem‘2</span> <span class='ocrx_word' id='word_1_61' title='bbox 1009 775 1097 823; x_wconf 74' lang='lat' dir='ltr'>Dr.</span> <span class='ocrx_word' id='word_1_62' title='bbox 1128 772 1246 828; x_wconf 80' lang='lat' dir='ltr'>Quid</span> <span class='ocrx_word' id='word_1_63' title='bbox 1268 787 1444 814; x_wconf 89' lang='lat' dir='ltr'>mecum</span> <span class='ocrx_word' id='word_1_64' title='bbox 1475 774 1529 813; x_wconf 82' lang='lat' dir='ltr'>est</span> <span class='ocrx_word' id='word_1_65' title='bbox 1558 772 1674 815; x_wconf 75' lang='lat' dir='ltr'>tibi⁹</span> 
     </span>
    </p>

    <p class='ocr_par' dir='ltr' id='par_1_6' title="bbox 168 847 1676 907">
     <span class='ocr_line' id='line_1_10' title="bbox 168 847 1676 907; baseline 0.001 -19"><span class='ocrx_word' id='word_1_66' title='bbox 168 849 255 891; x_wconf 80' lang='grc' dir='ltr'>ΡΑ.</span> <span class='ocrx_word' id='word_1_67' title='bbox 277 847 413 888; x_wconf 80' lang='lat' dir='ltr'>Mein&#39;</span> <span class='ocrx_word' id='word_1_68' title='bbox 427 847 601 907; x_wconf 80' lang='lat' dir='ltr'>fastidis,</span> <span class='ocrx_word' id='word_1_69' title='bbox 623 848 915 906; x_wconf 75' lang='lat' dir='ltr'>propudiose‘?</span> <span class='ocrx_word' id='word_1_70' title='bbox 937 849 1138 904; x_wconf 83' lang='lat' dir='ltr'>eloquere</span> <span class='ocrx_word' id='word_1_71' title='bbox 1153 861 1348 903; x_wconf 86' lang='lat' dir='ltr'>propere,</span> <span class='ocrx_word' id='word_1_72' title='bbox 1360 847 1607 890; x_wconf 78' lang='lat' dir='ltr'>Dmaclum</span> <span class='ocrx_word' id='word_1_73' title='bbox 1628 863 1676 890; x_wconf 88' lang='lat'>10</span> 
     </span>
    </p>

    <p class='ocr_par' dir='ltr' id='par_1_7' title="bbox 170 923 1676 1056">
     <span class='ocr_line' id='line_1_11' title="bbox 170 923 1676 982; baseline -0.001 -16"><span class='ocrx_word' id='word_1_74' title='bbox 170 926 257 967; x_wconf 76' lang='lat' dir='ltr'>Dr.</span> <span class='ocrx_word' id='word_1_75' title='bbox 291 926 397 966; x_wconf 86' lang='lat' dir='ltr'>lube</span> <span class='ocrx_word' id='word_1_76' title='bbox 430 939 502 966; x_wconf 88' lang='lat' dir='ltr'>me</span> <span class='ocrx_word' id='word_1_77' title='bbox 537 924 739 967; x_wconf 81' lang='lat' dir='ltr'>omittere</span> <span class='ocrx_word' id='word_1_78' title='bbox 777 923 1049 982; x_wconf 61' lang='lat' dir='ltr'>ighurhos,</span> <span class='ocrx_word' id='word_1_79' title='bbox 1092 924 1165 982; x_wconf 89' lang='lat' dir='ltr'>qui</span> <span class='ocrx_word' id='word_1_80' title='bbox 1195 923 1407 967; x_wconf 75' lang='lat' dir='ltr'>retinent.</span> <span class='ocrx_word' id='word_1_81' title='bbox 1465 927 1553 967; x_wconf 53' lang='lat' dir='ltr'>Pa.</span> <span class='ocrx_word' id='word_1_82' title='bbox 1587 923 1676 980; x_wconf 83' lang='lat' dir='ltr'>Qui</span> 
     </span>
     <span class='ocr_line' id='line_1_12' title="bbox 845 1000 1410 1056; baseline 0.004 -17"><span class='ocrx_word' id='word_1_83' title='bbox 845 1000 1068 1044; x_wconf 69' lang='lat' dir='ltr'>retinent?</span> <span class='ocrx_word' id='word_1_84' title='bbox 1116 1003 1204 1044; x_wconf 82' lang='lat' dir='ltr'>Dr.</span> <span class='ocrx_word' id='word_1_85' title='bbox 1238 1001 1410 1056; x_wconf 72' lang='lat' dir='ltr'>Rogas?</span> 
     </span>
    </p>

    <p class='ocr_par' dir='ltr' id='par_1_8' title="bbox 169 1073 1680 1133">
     <span class='ocr_line' id='line_1_13' title="bbox 169 1073 1680 1133; baseline -0.001 -17"><span class='ocrx_word' id='word_1_86' title='bbox 169 1074 331 1116; x_wconf 87' lang='lat' dir='ltr'>Omnia</span> <span class='ocrx_word' id='word_1_87' title='bbox 362 1078 558 1117; x_wconf 89' lang='lat' dir='ltr'>membra</span> <span class='ocrx_word' id='word_1_88' title='bbox 587 1076 790 1118; x_wconf 81' lang='lat' dir='ltr'>lasfitudo·</span> <span class='ocrx_word' id='word_1_89' title='bbox 809 1076 919 1118; x_wconf 84' lang='lat' dir='ltr'>mihi</span> <span class='ocrx_word' id='word_1_90' title='bbox 953 1086 1083 1119; x_wconf 85' lang='lat' dir='ltr'>tenet.</span> <span class='ocrx_word' id='word_1_91' title='bbox 1139 1079 1220 1118; x_wconf 78' lang='grc' dir='ltr'>ΡΑ.</span> <span class='ocrx_word' id='word_1_92' title='bbox 1251 1074 1462 1133; x_wconf 82' lang='lat' dir='ltr'>Linguam</span> <span class='ocrx_word' id='word_1_93' title='bbox 1501 1073 1680 1132; x_wconf 86' lang='lat' dir='ltr'>quidem</span> 
     </span>
    </p>

    <p class='ocr_par' dir='ltr' id='par_1_9' title="bbox 172 1151 1530 1195">
     <span class='ocr_line' id='line_1_14' title="bbox 172 1151 1530 1195; baseline 0.001 -4"><span class='ocrx_word' id='word_1_94' title='bbox 172 1153 245 1193; x_wconf 85' lang='lat' dir='ltr'>Sat</span> <span class='ocrx_word' id='word_1_95' title='bbox 277 1152 362 1194; x_wconf 83' lang='lat' dir='ltr'>fcio</span> <span class='ocrx_word' id='word_1_96' title='bbox 392 1151 471 1193; x_wconf 83' lang='lat' dir='ltr'>tibi</span> <span class='ocrx_word' id='word_1_97' title='bbox 502 1167 590 1194; x_wconf 86' lang='lat' dir='ltr'>non</span> <span class='ocrx_word' id='word_1_98' title='bbox 621 1164 780 1194; x_wconf 86' lang='lat' dir='ltr'>tenere.</span> <span class='ocrx_word' id='word_1_99' title='bbox 842 1156 930 1195; x_wconf 78' lang='lat' dir='ltr'>Dr.</span> <span class='ocrx_word' id='word_1_100' title='bbox 964 1156 1023 1194; x_wconf 84' lang='lat' dir='ltr'>Ita</span> <span class='ocrx_word' id='word_1_101' title='bbox 1056 1151 1184 1195; x_wconf 87' lang='lat' dir='ltr'>celeri</span> <span class='ocrx_word' id='word_1_102' title='bbox 1221 1151 1432 1195; x_wconf 86' lang='lat' dir='ltr'>curriculo</span> <span class='ocrx_word' id='word_1_103' title='bbox 1463 1151 1530 1193; x_wconf 88' lang='lat' dir='ltr'>fui</span> 
     </span>
    </p>

    <p class='ocr_par' dir='ltr' id='par_1_10' title="bbox 170 1221 1680 1287">
     <span class='ocr_line' id='line_1_15' title="bbox 170 1221 1680 1287; baseline 0.001 -20"><span class='ocrx_word' id='word_1_104' title='bbox 170 1228 358 1281; x_wconf 85' lang='lat' dir='ltr'>Propere</span> <span class='ocrx_word' id='word_1_105' title='bbox 382 1244 402 1268; x_wconf 89' lang='lat' dir='ltr'>a</span> <span class='ocrx_word' id='word_1_106' title='bbox 424 1240 568 1285; x_wconf 83' lang='lat' dir='ltr'>portu,</span> <span class='ocrx_word' id='word_1_107' title='bbox 589 1229 653 1270; x_wconf 81' lang='lat' dir='ltr'>tui</span> <span class='ocrx_word' id='word_1_108' title='bbox 672 1232 851 1270; x_wconf 82' lang='lat' dir='ltr'>honoris</span> <span class='ocrx_word' id='word_1_109' title='bbox 865 1230 1000 1272; x_wconf 85' lang='lat' dir='ltr'>causa.</span> <span class='ocrx_word' id='word_1_110' title='bbox 1038 1233 1120 1273; x_wconf 76' lang='grc' dir='ltr'>ΡΛ.</span> <span class='ocrx_word' id='word_1_111' title='bbox 1139 1229 1307 1287; x_wconf 85' lang='lat' dir='ltr'>Ecquid</span> <span class='ocrx_word' id='word_1_112' title='bbox 1327 1221 1526 1286; x_wconf 64' lang='lat' dir='ltr'>adportas</span> <span class='ocrx_word' id='word_1_113' title='bbox 1541 1226 1680 1270; x_wconf 74' lang='lat' dir='ltr'>boni?</span> 
     </span>
    </p>

    <p class='ocr_par' dir='ltr' id='par_1_11' title="bbox 175 1290 1679 1432">
     <span class='ocr_line' id='line_1_16' title="bbox 175 1290 1679 1364; baseline 0.001 -17"><span class='ocrx_word' id='word_1_114' title='bbox 175 1305 263 1347; x_wconf 72' lang='lat' dir='ltr'>Dz.</span> <span class='ocrx_word' id='word_1_115' title='bbox 294 1303 443 1348; x_wconf 88' lang='lat' dir='ltr'>Nimio</span> <span class='ocrx_word' id='word_1_116' title='bbox 479 1304 689 1362; x_wconf 88' lang='lat' dir='ltr'>inpertior</span> <span class='ocrx_word' id='word_1_117' title='bbox 716 1309 855 1348; x_wconf 86' lang='lat' dir='ltr'>multo</span> <span class='ocrx_word' id='word_1_118' title='bbox 891 1316 1005 1348; x_wconf 75' lang='lat' dir='ltr'>tanta</span> <span class='ocrx_word' id='word_1_119' title='bbox 1045 1307 1164 1362; x_wconf 82' lang='lat' dir='ltr'>plus,</span> <span class='ocrx_word' id='word_1_120' title='bbox 1205 1290 1334 1363; x_wconf 82' lang='lat' dir='ltr'>quam</span> <span class='ocrx_word' id='word_1_121' title='bbox 1364 1305 1516 1364; x_wconf 82' lang='lat' dir='ltr'>speras.</span> <span class='ocrx_word' id='word_1_122' title='bbox 1589 1307 1679 1350; x_wconf 72' lang='grc' dir='ltr'>ΡΑ.</span> 
     </span>
     <span class='ocr_line' id='line_1_17' title="bbox 852 1384 1679 1432; baseline -0.002 -8"><span class='ocrx_word' id='word_1_123' title='bbox 852 1385 977 1424; x_wconf 80' lang='lat' dir='ltr'>Salua</span> <span class='ocrx_word' id='word_1_124' title='bbox 1004 1384 1111 1425; x_wconf 85' lang='lat' dir='ltr'>sum.</span> <span class='ocrx_word' id='word_1_125' title='bbox 1631 1395 1679 1432; x_wconf 74' lang='grc' dir='ltr'>ις</span> 
     </span>
    </p>

    <p class='ocr_par' dir='ltr' id='par_1_12' title="bbox 176 1453 1482 1514">
     <span class='ocr_line' id='line_1_18' title="bbox 176 1453 1482 1514; baseline 0.004 -22"><span class='ocrx_word' id='word_1_126' title='bbox 176 1453 265 1493; x_wconf 77' lang='lat' dir='ltr'>Dr.</span> <span class='ocrx_word' id='word_1_127' title='bbox 295 1453 347 1492; x_wconf 80' lang='lat' dir='ltr'>At</span> <span class='ocrx_word' id='word_1_128' title='bbox 377 1468 454 1509; x_wconf 79' lang='lat' dir='ltr'>ego</span> <span class='ocrx_word' id='word_1_129' title='bbox 487 1454 620 1510; x_wconf 85' lang='lat' dir='ltr'>perii,</span> <span class='ocrx_word' id='word_1_130' title='bbox 654 1456 756 1511; x_wconf 92' lang='lat' dir='ltr'>quoi</span> <span class='ocrx_word' id='word_1_131' title='bbox 787 1460 1020 1500; x_wconf 82' lang='lat' dir='ltr'>medullam</span> <span class='ocrx_word' id='word_1_132' title='bbox 1054 1458 1249 1499; x_wconf 79' lang='lat' dir='ltr'>lamtudo</span> <span class='ocrx_word' id='word_1_133' title='bbox 1279 1455 1482 1514; x_wconf 81' lang='lat' dir='ltr'>perbibit.</span> 
     </span>
    </p>

    <p class='ocr_par' dir='ltr' id='par_1_13' title="bbox 182 1525 1684 1589">
     <span class='ocr_line' id='line_1_19' title="bbox 182 1525 1684 1589; baseline 0.003 -19"><span class='ocrx_word' id='word_1_134' title='bbox 182 1526 265 1567; x_wconf 80' lang='lat' dir='ltr'>GE·</span> <span class='ocrx_word' id='word_1_135' title='bbox 295 1525 410 1581; x_wconf 73' lang='lat' dir='ltr'>Quid</span> <span class='ocrx_word' id='word_1_136' title='bbox 434 1543 524 1583; x_wconf 81' lang='lat' dir='ltr'>ego,</span> <span class='ocrx_word' id='word_1_137' title='bbox 550 1530 653 1586; x_wconf 83' lang='lat' dir='ltr'>quoi</span> <span class='ocrx_word' id='word_1_138' title='bbox 675 1531 829 1573; x_wconf 87' lang='lat' dir='ltr'>misero</span> <span class='ocrx_word' id='word_1_139' title='bbox 850 1536 1086 1575; x_wconf 84' lang='lat' dir='ltr'>medullam</span> <span class='ocrx_word' id='word_1_140' title='bbox 1107 1532 1270 1575; x_wconf 83' lang='lat' dir='ltr'>ventris</span> <span class='ocrx_word' id='word_1_141' title='bbox 1297 1531 1491 1589; x_wconf 83' lang='lat' dir='ltr'>percepit</span> <span class='ocrx_word' id='word_1_142' title='bbox 1515 1532 1684 1574; x_wconf 72' lang='lat' dir='ltr'>fames?</span> 
     </span>
    </p>

    <p class='ocr_par' dir='ltr' id='par_1_14' title="bbox 117 1603 1683 1819">
     <span class='ocr_line' id='line_1_20' title="bbox 175 1603 1683 1679; baseline 0.004 -37"><span class='ocrx_word' id='word_1_143' title='bbox 175 1603 263 1645; x_wconf 76' lang='grc' dir='ltr'>ΡΛ.</span> <span class='ocrx_word' id='word_1_144' title='bbox 284 1605 481 1661; x_wconf 87' lang='lat' dir='ltr'>Ecquem</span> <span class='ocrx_word' id='word_1_145' title='bbox 504 1606 773 1679; x_wconf 74' lang='lat' dir='ltr'>conuenisti?</span> <span class='ocrx_word' id='word_1_146' title='bbox 804 1612 894 1651; x_wconf 81' lang='lat' dir='ltr'>Dr.</span> <span class='ocrx_word' id='word_1_147' title='bbox 912 1613 1090 1652; x_wconf 80' lang='lat' dir='ltr'>Multos.</span> <span class='ocrx_word' id='word_1_148' title='bbox 1127 1612 1209 1652; x_wconf 74' lang='grc' dir='ltr'>ΡΛ.</span> <span class='ocrx_word' id='word_1_149' title='bbox 1230 1610 1284 1651; x_wconf 86' lang='lat' dir='ltr'>At</span> <span class='ocrx_word' id='word_1_150' title='bbox 1301 1608 1448 1650; x_wconf 86' lang='lat' dir='ltr'>virum</span> <span class='ocrx_word' id='word_1_151' title='bbox 1468 1607 1683 1665; x_wconf 72' lang='lat' dir='ltr'>ecquem?</span> 
     </span>
     <span class='ocr_line' id='line_1_21' title="bbox 117 1675 1210 1729; baseline 0.004 -4"><span class='ocrx_word' id='word_1_152' title='bbox 117 1675 121 1678; x_wconf 20' lang='grc' dir='ltr'><strong><em>Δ</em></strong></span> <span class='ocrx_word' id='word_1_153' title='bbox 853 1688 941 1729; x_wconf 74' lang='lat' dir='ltr'>Dr.</span> <span class='ocrx_word' id='word_1_154' title='bbox 973 1686 1210 1729; x_wconf 75' lang='lat' dir='ltr'>Plurimos:</span> 
     </span>
     <span class='ocr_line' id='line_1_22' title="bbox 176 1758 1683 1819; baseline -0.001 -20"><span class='ocrx_word' id='word_1_155' title='bbox 176 1760 336 1801; x_wconf 89' lang='lat' dir='ltr'>Verum</span> <span class='ocrx_word' id='word_1_156' title='bbox 372 1776 423 1802; x_wconf 89' lang='lat' dir='ltr'>ex</span> <span class='ocrx_word' id='word_1_157' title='bbox 458 1760 608 1804; x_wconf 84' lang='lat' dir='ltr'>multis</span> <span class='ocrx_word' id='word_1_158' title='bbox 650 1761 910 1819; x_wconf 84' lang='lat' dir='ltr'>nequiorem</span> <span class='ocrx_word' id='word_1_159' title='bbox 950 1765 1146 1811; x_wconf 85' lang='lat' dir='ltr'>nullum,</span> <span class='ocrx_word' id='word_1_160' title='bbox 1190 1775 1321 1819; x_wconf 83' lang='lat' dir='ltr'>quam</span> <span class='ocrx_word' id='word_1_161' title='bbox 1358 1758 1432 1802; x_wconf 89' lang='lat' dir='ltr'>hic</span> <span class='ocrx_word' id='word_1_162' title='bbox 1455 1758 1531 1801; x_wconf 87' lang='lat' dir='ltr'>est.</span> <span class='ocrx_word' id='word_1_163' title='bbox 1596 1758 1683 1800; x_wconf 69' lang='lat' dir='ltr'>Ge.</span> 
     </span>
    </p>
   </div>
   <div class='ocr_carea' id='block_1_5' title="bbox 177 1841 1687 2179">
    <p class='ocr_par' dir='ltr' id='par_1_15' title="bbox 177 1841 1687 2179">
     <span class='ocr_line' id='line_1_23' title="bbox 855 1841 1125 1896; baseline 0.004 -15"><span class='ocrx_word' id='word_1_164' title='bbox 855 1841 1125 1896; x_wconf 71' lang='lat' dir='ltr'>Quomodo?</span> 
     </span>
     <span class='ocr_line' id='line_1_24' title="bbox 179 1911 1685 1972; baseline 0.001 -20"><span class='ocrx_word' id='word_1_165' title='bbox 179 1915 269 1953; x_wconf 89' lang='lat' dir='ltr'>Iam</span> <span class='ocrx_word' id='word_1_166' title='bbox 295 1915 461 1955; x_wconf 89' lang='lat' dir='ltr'>dudum</span> <span class='ocrx_word' id='word_1_167' title='bbox 493 1930 571 1971; x_wconf 85' lang='lat' dir='ltr'>ego</span> <span class='ocrx_word' id='word_1_168' title='bbox 601 1914 725 1956; x_wconf 81' lang='lat' dir='ltr'>istum</span> <span class='ocrx_word' id='word_1_169' title='bbox 758 1915 900 1972; x_wconf 83' lang='lat' dir='ltr'>patior</span> <span class='ocrx_word' id='word_1_170' title='bbox 931 1915 1072 1957; x_wconf 84' lang='lat' dir='ltr'>dicere</span> <span class='ocrx_word' id='word_1_171' title='bbox 1103 1915 1259 1956; x_wconf 87' lang='lat' dir='ltr'>iniuste</span> <span class='ocrx_word' id='word_1_172' title='bbox 1280 1911 1405 1956; x_wconf 87' lang='lat' dir='ltr'>mihi.</span> <span class='ocrx_word' id='word_1_173' title='bbox 1634 1927 1685 1954; x_wconf 72' lang='grc' dir='ltr'>ιο</span> 
     </span>
     <span class='ocr_line' id='line_1_25' title="bbox 177 1960 1630 2046; baseline 0.001 -19"><span class='ocrx_word' id='word_1_174' title='bbox 177 1988 352 2028; x_wconf 83' lang='lat' dir='ltr'>Praeter</span> <span class='ocrx_word' id='word_1_175' title='bbox 375 1991 456 2030; x_wconf 87' lang='lat' dir='ltr'>hac</span> <span class='ocrx_word' id='word_1_176' title='bbox 486 1992 510 2029; x_wconf 86' lang='lat' dir='ltr'>fi</span> <span class='ocrx_word' id='word_1_177' title='bbox 537 2006 607 2032; x_wconf 89' lang='lat' dir='ltr'>me</span> <span class='ocrx_word' id='word_1_178' title='bbox 638 1990 838 2032; x_wconf 81' lang='lat' dir='ltr'>inritaffis</span> <span class='ocrx_word' id='word_1_179' title='bbox 864 2017 922 2024; x_wconf 90' lang='lat'>—-</span> <span class='ocrx_word' id='word_1_180' title='bbox 973 1994 1062 2033; x_wconf 84' lang='lat' dir='ltr'>D1.</span> <span class='ocrx_word' id='word_1_181' title='bbox 1093 1992 1284 2046; x_wconf 88' lang='lat' dir='ltr'>Edepol,</span> <span class='ocrx_word' id='word_1_182' title='bbox 1315 1987 1474 2031; x_wconf 80' lang='lat' dir='ltr'>esuries</span> <span class='ocrx_word' id='word_1_183' title='bbox 1502 1960 1630 2030; x_wconf 84' lang='lat' dir='ltr'>male.</span> 
     </span>
     <span class='ocr_line' id='line_1_26' title="bbox 186 2062 1687 2122; baseline 0.001 -16"><span class='ocrx_word' id='word_1_184' title='bbox 186 2064 269 2106; x_wconf 75' lang='lat' dir='ltr'>GE.</span> <span class='ocrx_word' id='word_1_185' title='bbox 301 2062 509 2105; x_wconf 88' lang='lat' dir='ltr'>Animum</span> <span class='ocrx_word' id='word_1_186' title='bbox 545 2063 773 2115; x_wconf 84' lang='lat' dir='ltr'>inducam,</span> <span class='ocrx_word' id='word_1_187' title='bbox 818 2077 867 2108; x_wconf 89' lang='lat' dir='ltr'>vt</span> <span class='ocrx_word' id='word_1_188' title='bbox 901 2067 1006 2107; x_wconf 86' lang='lat' dir='ltr'>istuc</span> <span class='ocrx_word' id='word_1_189' title='bbox 1044 2081 1196 2108; x_wconf 85' lang='lat' dir='ltr'>verum</span> <span class='ocrx_word' id='word_1_190' title='bbox 1232 2079 1276 2110; x_wconf 87' lang='lat' dir='ltr'>te</span> <span class='ocrx_word' id='word_1_191' title='bbox 1313 2068 1570 2122; x_wconf 85' lang='lat' dir='ltr'>eloquutum</span> <span class='ocrx_word' id='word_1_192' title='bbox 1606 2063 1687 2107; x_wconf 81' lang='lat' dir='ltr'>effe</span> 
     </span>
     <span class='ocr_line' id='line_1_27' title="bbox 854 2137 1042 2179; baseline 0.005 -1"><span class='ocrx_word' id='word_1_193' title='bbox 854 2137 1042 2179; x_wconf 85' lang='lat' dir='ltr'>arbitrer.</span> 
     </span>
    </p>
   </div>
   <div class='ocr_carea' id='block_1_6' title="bbox 179 2210 1690 2703">
    <p class='ocr_par' dir='ltr' id='par_1_16' title="bbox 182 2210 1689 2328">
     <span class='ocr_line' id='line_1_28' title="bbox 182 2210 1689 2269; baseline -0.003 -16"><span class='ocrx_word' id='word_1_194' title='bbox 182 2213 271 2253; x_wconf 82' lang='lat' dir='ltr'>Dr.</span> <span class='ocrx_word' id='word_1_195' title='bbox 297 2211 540 2254; x_wconf 77' lang='lat' dir='ltr'>Munditias</span> <span class='ocrx_word' id='word_1_196' title='bbox 574 2216 675 2257; x_wconf 90' lang='lat' dir='ltr'>volo</span> <span class='ocrx_word' id='word_1_197' title='bbox 707 2214 812 2256; x_wconf 85' lang='lat' dir='ltr'>fieri.</span> <span class='ocrx_word' id='word_1_198' title='bbox 852 2213 998 2255; x_wconf 76' lang='lat' dir='ltr'>efferte</span> <span class='ocrx_word' id='word_1_199' title='bbox 1031 2213 1120 2254; x_wconf 87' lang='lat' dir='ltr'>huc</span> <span class='ocrx_word' id='word_1_200' title='bbox 1147 2211 1296 2269; x_wconf 81' lang='lat' dir='ltr'>scopas</span> <span class='ocrx_word' id='word_1_201' title='bbox 1328 2210 1534 2265; x_wconf 82' lang='lat' dir='ltr'>fimulque</span> <span class='ocrx_word' id='word_1_202' title='bbox 1566 2219 1689 2249; x_wconf 88' lang='lat' dir='ltr'>arun-</span> 
     </span>
     <span class='ocr_line' id='line_1_29' title="bbox 858 2282 1021 2328; baseline -0.006 -5"><span class='ocrx_word' id='word_1_203' title='bbox 858 2282 1021 2328; x_wconf 83' lang='lat' dir='ltr'>dinem.</span> 
     </span>
    </p>

    <p class='ocr_par' dir='ltr' id='par_1_17' title="bbox 179 2350 1687 2413">
     <span class='ocr_line' id='line_1_30' title="bbox 179 2350 1687 2413; baseline -0.004 -15"><span class='ocrx_word' id='word_1_204' title='bbox 179 2358 234 2398; x_wconf 87' lang='lat' dir='ltr'>Vt</span> <span class='ocrx_word' id='word_1_205' title='bbox 257 2370 429 2412; x_wconf 87' lang='lat' dir='ltr'>operam</span> <span class='ocrx_word' id='word_1_206' title='bbox 453 2372 630 2400; x_wconf 88' lang='lat' dir='ltr'>omnem</span> <span class='ocrx_word' id='word_1_207' title='bbox 665 2373 913 2400; x_wconf 81' lang='lat' dir='ltr'>aranearum</span> <span class='ocrx_word' id='word_1_208' title='bbox 935 2357 1112 2413; x_wconf 88' lang='lat' dir='ltr'>perdam</span> <span class='ocrx_word' id='word_1_209' title='bbox 1141 2367 1184 2398; x_wconf 90' lang='lat' dir='ltr'>et</span> <span class='ocrx_word' id='word_1_210' title='bbox 1203 2365 1415 2397; x_wconf 82' lang='lat' dir='ltr'>texturam</span> <span class='ocrx_word' id='word_1_211' title='bbox 1442 2350 1687 2408; x_wconf 85' lang='lat' dir='ltr'>inprobem,</span> 
     </span>
    </p>

    <p class='ocr_par' dir='ltr' id='par_1_18' title="bbox 181 2428 1683 2488">
     <span class='ocr_line' id='line_1_31' title="bbox 181 2428 1683 2488; baseline -0.003 -16"><span class='ocrx_word' id='word_1_212' title='bbox 181 2428 483 2488; x_wconf 85' lang='lat' dir='ltr'>Deiiciamque</span> <span class='ocrx_word' id='word_1_213' title='bbox 496 2449 645 2476; x_wconf 88' lang='lat' dir='ltr'>earum</span> <span class='ocrx_word' id='word_1_214' title='bbox 661 2433 803 2475; x_wconf 83' lang='lat' dir='ltr'>omnis</span> <span class='ocrx_word' id='word_1_215' title='bbox 820 2436 937 2475; x_wconf 81' lang='lat' dir='ltr'>telas.</span> <span class='ocrx_word' id='word_1_216' title='bbox 964 2433 1045 2474; x_wconf 70' lang='lat' dir='ltr'>Gzz.</span> <span class='ocrx_word' id='word_1_217' title='bbox 1059 2430 1240 2472; x_wconf 82' lang='lat' dir='ltr'>Miserae</span> <span class='ocrx_word' id='word_1_218' title='bbox 1249 2431 1454 2485; x_wconf 87' lang='lat' dir='ltr'>algebunt</span> <span class='ocrx_word' id='word_1_219' title='bbox 1469 2428 1620 2484; x_wconf 84' lang='lat' dir='ltr'>postea.</span> <span class='ocrx_word' id='word_1_220' title='bbox 1637 2444 1653 2468; x_wconf 88' lang='lat'><em>2</em></span> <span class='ocrx_word' id='word_1_221' title='bbox 1665 2442 1683 2477; x_wconf 86' lang='grc' dir='ltr'><strong><em>ς</em></strong></span> 
     </span>
    </p>

    <p class='ocr_par' dir='ltr' id='par_1_19' title="bbox 185 2504 1690 2564">
     <span class='ocr_line' id='line_1_32' title="bbox 185 2504 1690 2564; baseline -0.003 -14"><span class='ocrx_word' id='word_1_222' title='bbox 185 2509 274 2550; x_wconf 81' lang='lat' dir='ltr'>Dt.</span> <span class='ocrx_word' id='word_1_223' title='bbox 299 2508 419 2564; x_wconf 84' lang='lat' dir='ltr'>Quid</span> <span class='ocrx_word' id='word_1_224' title='bbox 445 2508 537 2550; x_wconf 82' lang='lat' dir='ltr'>illas</span> <span class='ocrx_word' id='word_1_225' title='bbox 568 2508 722 2550; x_wconf 78' lang='lat' dir='ltr'>itidem</span> <span class='ocrx_word' id='word_1_226' title='bbox 750 2508 829 2549; x_wconf 80' lang='lat' dir='ltr'>effe</span> <span class='ocrx_word' id='word_1_227' title='bbox 854 2508 1011 2556; x_wconf 75' lang='lat' dir='ltr'>censes,</span> <span class='ocrx_word' id='word_1_228' title='bbox 1048 2508 1161 2563; x_wconf 74' lang='lat' dir='ltr'>quali</span> <span class='ocrx_word' id='word_1_229' title='bbox 1195 2517 1238 2547; x_wconf 86' lang='lat' dir='ltr'>te</span> <span class='ocrx_word' id='word_1_230' title='bbox 1266 2520 1365 2546; x_wconf 89' lang='lat' dir='ltr'>cum</span> <span class='ocrx_word' id='word_1_231' title='bbox 1388 2506 1502 2547; x_wconf 87' lang='lat' dir='ltr'>veste</span> <span class='ocrx_word' id='word_1_232' title='bbox 1527 2504 1690 2546; x_wconf 72' lang='lat' dir='ltr'>vnica‘e</span> 
     </span>
    </p>

    <p class='ocr_par' dir='ltr' id='par_1_20' title="bbox 186 2582 1690 2703">
     <span class='ocr_line' id='line_1_33' title="bbox 186 2582 1690 2644; baseline -0.001 -19"><span class='ocrx_word' id='word_1_233' title='bbox 186 2583 304 2641; x_wconf 75' lang='lat' dir='ltr'>Cape</span> <span class='ocrx_word' id='word_1_234' title='bbox 339 2582 433 2626; x_wconf 79' lang='lat' dir='ltr'>illas</span> <span class='ocrx_word' id='word_1_235' title='bbox 467 2585 628 2644; x_wconf 77' lang='lat' dir='ltr'>scopas.</span> <span class='ocrx_word' id='word_1_236' title='bbox 685 2586 767 2628; x_wconf 62' lang='lat' dir='ltr'>Ge.</span> <span class='ocrx_word' id='word_1_237' title='bbox 794 2582 989 2640; x_wconf 85' lang='lat' dir='ltr'>Capiam.</span> <span class='ocrx_word' id='word_1_238' title='bbox 1045 2583 1134 2623; x_wconf 83' lang='lat' dir='ltr'>Dr.</span> <span class='ocrx_word' id='word_1_239' title='bbox 1168 2582 1265 2622; x_wconf 91' lang='lat' dir='ltr'>Hoc</span> <span class='ocrx_word' id='word_1_240' title='bbox 1292 2593 1488 2639; x_wconf 87' lang='lat' dir='ltr'>egomet,</span> <span class='ocrx_word' id='word_1_241' title='bbox 1525 2592 1574 2624; x_wconf 84' lang='lat' dir='ltr'>tu</span> <span class='ocrx_word' id='word_1_242' title='bbox 1603 2583 1690 2624; x_wconf 84' lang='lat' dir='ltr'>hoc</span> 
     </span>
     <span class='ocr_line' id='line_1_34' title="bbox 859 2658 1440 2703; baseline -0.007 0"><span class='ocrx_word' id='word_1_243' title='bbox 859 2672 1082 2703; x_wconf 78' lang='lat' dir='ltr'>conuerte.</span> <span class='ocrx_word' id='word_1_244' title='bbox 1148 2658 1231 2701; x_wconf 65' lang='lat' dir='ltr'>Gn.</span> <span class='ocrx_word' id='word_1_245' title='bbox 1270 2659 1440 2701; x_wconf 87' lang='lat' dir='ltr'>Fecero.</span> 
     </span>
    </p>
   </div>
  </div>
 </body>
</html>
