1742 2924
493 467 565 513 M.
643 473 932 515 ACCII
1014 473 1400 517 PLAVTI

192 588 1722 694 CISTEL'LARIA.'

751 756 885 766 —————

544 864 904 905 DRAMATIS
961 862 1342 906 P'ERSONAE:

188 957 459 1001 DEMIPHO
491 967 703 997 mercator
727 958 933 997 Lemnius
962 959 1205 1012 praediues‚
1235 959 1324 1012 qui,
1351 970 1484 998 vxore
1510 967 1698 1002 mortua,

342 1028 575 1078 Sicyonem
612 1027 940 1081 commigrauit,
988 1027 1062 1066 vbi
1091 1028 1303 1083 puellam,
1355 1041 1486 1083 quam
1525 1029 1699 1079 iuuenis

340 1095 731 1151 c0n1p1·esserat‚in
762 1097 1092 1137 matrimonium
1125 1097 1259 1142 ducit,
1299 1099 1346 1137 in
1382 1098 1524 1153 priore
1556 1097 1700 1136 matri-

338 1169 489 1207 monio
514 1165 798 1219 cognationis,
821 1166 867 1203 in
893 1167 1025 1207 altem
1047 1169 1205 1208 amoris
1229 1169 1319 1207 iura
1336 1167 1556 1223 sequutus,
1581 1169 1699 1207 ioco·

338 1234 551 1281 sus,11ec
582 1235 805 1289 inprobus.

186 1319 611 1364 PHANOSTRATA
647 1330 757 1373 quae
797 1319 887 1356 vim
923 1332 947 1356 a
983 1320 1261 1374 Demiphone
1304 1320 1414 1373 paffa
1457 1328 1697 1375 pepererat,

338 1390 467 1428 altera
498 1386 657 1427 deinde
691 1390 785 1427 eius
818 1400 936 1434 vxor,
975 1388 1136 1442 pudica
1163 1398 1206 1429 et
1233 1389 1419 1428 honesta.

188 1470 459 1514 SILENIVM
489 1471 781 1526 Demiphonis
813 1485 835 1511 e
858 1470 1127 1511 Phanostrata
1151 1470 1254 1518 filia,
1285 1471 1469 1527 expofita
1502 1470 1696 1525 quidem,

340 1550 382 1581 at
407 1550 575 1595 reperta
605 1551 763 1581 tamen.
825 1542 946 1582 Licet
978 1554 999 1579 a
1031 1544 1255 1582 meretrice
1295 1542 1498 1586 educata,
1541 1540 1699 1594 vulgus

337 1620 484 1667 tamen
521 1611 573 1650 ab
603 1610 645 1651 [e
675 1612 878 1666 segregat,
919 1624 1009 1651 vno
1043 1625 1146 1652 cum
1175 1611 1484 1652 Alcefimarcho
1516 1612 1699 1650 aetatem

339 1691 497 1719 actura.

190 1760 661 1812 ALCESIMARCHVS
695 1761 856 1800 nobilis
887 1771 930 1801 et
960 1763 1084 1802 diues
1110 1762 1368 1808 adolescens,
1397 1762 1551 1802 Silenii
1585 1775 1697 1802 ama·

338 1847 405 1876 tor
429 1844 471 1873 et
499 1831 640 1888 postea
660 1832 853 1869 maritus.
914 1830 1016 1871 Non
1049 1833 1259 1888 inprobus
1288 1830 1481 1887 quidem,
1511 1830 1582 1870 sed
1603 1833 1694 1884 qui,
1736 1836 1742 1841 ²

336 1908 489 1946 heroes
512 1902 697 1955 tragicos
721 1903 984 1948 imitaturus,
1015 1902 1062 1940 in
1090 1903 1234 1943 verbis
1254 1912 1390 1956 aeque
1423 1912 1473 1940 ae
1499 1901 1546 1939 in
1571 1899 1695 1940 factis

336 1975 470 2015 multa
503 1971 684 2010 ridicule
718 1971 948 2026 delinquit.
1240 1978 1246 1982 ’

111 2073 113 2075 ’
185 2058 478 2103 LAMPADIO
513 2056 655 2095 seruus
679 2052 834 2099 fidelis,
867 2067 948 2094 nec
985 2054 1210 2107 inprobus.
1269 2052 1414 2106 Quam
1446 2050 1699 2108 exposuerat

337 2129 564 2171 Silenium‚
596 2124 713 2163 idem
749 2125 907 2164 deinde
934 2123 1173 2179 inuestigat.
1223 2143 1227 2151 f

114 2250 115 2253 ,
185 2205 476 2253 MELAE'NIS
507 2209 721 2254 meretrix,
753 2208 981 2254 Silenium,
1022 2220 1043 2246 a
1077 2206 1171 2245 lena
1204 2205 1278 2244 fibi
1303 2203 1469 2258 petenti
1497 2202 1694 2249 adlatam,

337 2292 415 2336 pro
446 2277 531 2317 filia
560 2277 671 2316 bene
701 2288 743 2316 et
769 2278 927 2332 pudice
955 2275 1172 2317 educauit.
1735 2296 1742 2318 ,

188 2367 437 2410 Lemnon
463 2357 638 2415 ‘pessima
671 2359 872 2413 quidem,
905 2369 946 2398 at
973 2358 1067 2397 lena
1103 2366 1262 2395 tamen.

188 2442 526 2489 GYMNASIVM
567 2443 688 2482 lenae
742 2441 848 2487 filia,
906 2438 1078 2497 quaestu
1124 2438 1371 2479 meretricio
1413 2435 1457 2475 [ο
1494 2420 1696 2476 matrem-

340 2527 425 2569 que
456 2513 543 2552 alit.

188 2597 430 2640 HALISCA
462 2595 719 2634 Melaenidis
760 2594 900 2640 serua,
947 2603 1039 2631 non
1079 2589 1261 2645 inproba
1305 2588 1507 2644 quidem.
1550 2596 1593 2627 at
1622 2596 1696 2626 no-

336 2667 569 2722 gligentior
600 2662 758 2705 tamen.

186 2748 450 2791 AVXILIVM
481 2749 621 2795 Deus,
657 2746 834 2800 Prologi
864 2752 1006 2799 partes
1034 2742 1133 2796 agit.
