1742 2924
201 155 295 206 580
685 168 691 169 ff
795 148 1108 196 rsssvnozi

147 293 149 298 ·
199 260 381 310 Pectore
409 270 528 321 prius
559 265 618 304 ita
647 267 799 321 paraui
823 267 970 322 copias
999 268 1210 332 duplicis,
1252 270 1432 328 triplicis
1463 276 1602 326 dolos.
1678 296 1710 332 νς

199 342 426 386 Perfidiae:
466 351 515 381 vt
538 341 808 398 vbicumque
844 355 946 383 cum
981 344 1174 386 hostibus
1203 350 1468 412 congrediar,
1499 355 1711 399 malorum

1083 429 1279 456 meorum

199 493 350 533 Fretus
379 492 544 531 virtute
571 488 729 535 dicam,
760 503 855 529 mea
891 488 1095 529 industria
1133 501 1172 531 et
1202 494 1378 540 malitia,
1408 496 1711 549 fraudulentia,

198 567 342 609 Facile
378 575 427 606 vt
463 564 655 611 vincam,
697 563 826 628 facile
863 573 913 604 vt
947 564 1126 619 fp'oliem
1166 581 1287 608 meos
1322 571 1562 625 perduelles
1598 581 1710 619 meis

1075 638 1282 693 perfidiis.
1704 696 1711 698 ζ

194 715 326 757 Nunc
351 714 584 754 inimicum
605 723 687 766 ego
713 711 835 752 hunc
862 724 1159 760 communem,
1187 728 1337 769 meum
1365 729 1494 774 atque
1519 724 1710 767 vostrum
1735 735 1739 737 “

1077 796 1279 825 omniurn

193 863 450 914 Ballionem,
479 857 751 900 exballistabo
786 858 952 912 lepide;
997 859 1094 900 date
1126 873 1299 915 operam
1331 864 1478 905 modo·
1510 869 1594 909 hoc
1628 886 1709 927 ego

217 933 220 938 ’
1077 929 1291 986 oppidum
1662 944 1722 982 10-

193 1004 469 1057 Adrixoenire,
506 1016 555 1047 vt
587 1006 675 1047 hoc
707 1006 780 1046 die
810 1006 1018 1060 capiatur,
1058 1006 1183 1046 volti:
1229 1000 1367 1063 atque¹
1389 1010 1443 1050 ad
1480 1013 1566 1054 hoc
1590 1030 1708 1059 meas

1052 1107 1061 1111 ,
1079 1076 1275 1131 legiones

189 1154 426 1196 Adducam.
459 1154 486 1192 fi
513 1153 599 1194 hoc
624 1166 840 1208 expugno,
878 1153 1053 1193 facilem
1085 1166 1168 1207 ego
1195 1154 1309 1192 hanc
1340 1167 1433 1194 rem
1461 1159 1575 1199 meis
1600 1162 1706 1203 ciui·
1725 1154 1735 1163 ’

1075 1225 1158 1264 bus
1189 1222 1359 1264 faciam.

189 1287 286 1343 Post
312 1282 603 1355 ad'oppidum
622 1299 707 1339 hoc
741 1307 866 1338 vetus
892 1299 1111 1338 continuo
1131 1312 1304 1339 mecum
1337 1304 1577 1343 exercitum
1609 1320 1704 1359 pro.

1076 1376 1204 1407 tenus
1235 1368 1463 1418 obducam.
1519 1419 1527 1428 f

188 1448 295 1488 Inde
328 1459 400 1486 me
438 1453 481 1485 et
517 1444 640 1484 fimul
677 1443 909 1499 participes
948 1454 1100 1483 omnes
1141 1455 1263 1482 meos
1305 1446 1460 1498 praeda
1500 1451 1702 1498 onerabo,

1072 1522 1202 1569 atque
1233 1514 1442 1569 obplebo:
1740 1544 1742 1562 4

1740 1564 1742 1582 Ι

187 1593 386 1635 Metuam
424 1599 467 1631 et
505 1588 654 1644 fugam
689 1588 985 1643 perduellibus
1017 1591 1128 1629 meis
1166 1591 1379 1636 iniiciam,
1417 1606 1489 1633 me
1525 1594 1614 1635 tss'e
1654 1604 1703 1636 vt
1739 1596 1742 1656 J

1071 1659 1205 1700 sciant
1235 1669 1402 1708 natum,
1653 1680 1699 1716 ις
1738 1672 1742 1702 5

141 1781 144 1785 s
188 1742 289 1797 Quo
323 1739 419 1780 sum
442 1749 600 1794 genere
624 1745 792 1792 gnatus.
821 1747 975 1790 magna
1002 1748 1075 1774 me
1098 1733 1288 1776 facinora
1316 1736 1439 1776 decet
1463 1736 1643 1786 efficere,

187 1819 309 1873 Quae
339 1815 432 1871 post
457 1814 570 1854 mihi
601 1812 725 1858 clara,
755 1820 799 1850 et
826 1810 906 1850 diu
933 1811 1119 1851 clueant.
1152 1807 1223 1850 sed
1253 1811 1373 1852 hunc
1401 1826 1531 1879 quem
1555 1815 1699 1861 video,

1070 1881 1167 1935 quis
1197 1881 1272 1921 hic
1302 1879 1370 1928 est,

185 1963 275 2017 Qui
307 1961 446 2002 oculis
476 1959 587 1998 meis
615 1939 793 1999 obuiam
825 1956 1079 2011 ignorabilis
1107 1955 1344 1998 obiicitur?
1373 1944 1492 1997 'libet
1518 1956 1639 2006 scire,

184 2037 304 2099 Quid
323 2036 398 2076 hic
423 2035 530 2074 velit
561 2047 663 2074 cum
689 2031 937 2071 machaera:
965 2039 1010 2088 et
1040 2031 1158 2078 huic,
1189 2045 1318 2086 quam
1340 2045 1432 2073 rem
1458 2045 1569 2090 agat,
1593 2035 1696 2076 hinc

1066 2101 1179 2142 dabo
1212 2101 1395 2142 infidias.

482 2270 775 2313 ACTVS
833 2271 894 2311 ΙΙ.
970 2269 1263 2312 SCENA
1320 2272 1379 2313 11.

643 2380 852 2411 HARPAX
863 2400 874 2420 ,
923 2379 1233 2411 PSEVDOLVS.

234 2484 295 2523 Hi
323 2483 409 2522 loci
437 2480 536 2520 sunt
564 2489 691 2535 atque
722 2481 804 2520 hae
832 2480 1050 2534 regiones,
1091 2491 1201 2533 quae
1229 2479 1341 2518 mihi
1370 2482 1423 2521 ab
1458 2483 1564 2525 hero
1595 2478 1710 2526 sunt'

1060 2547 1387 2595 demonstratae.

176 2629 228 2668 Vt
265 2639 345 2682 ego
384 2626 518 2667 oculis
560 2625 772 2665 rationem
820 2625 958 2679 capio,
1004 2637 1134 2678 quam
1170 2626 1281 2663 mihi
1319 2625 1376 2664 ita
1412 2625 1522 2667 dixit
1559 2629 1689 2668 herus

1058 2707 1182 2733 meus
1206 2695 1346 2742 miles,
