1742 2924
158 180 303 228 250x
707 205 718 214 κ
779 180 1047 216 casluin

161 290 310 332 Uenus
341 289 646 343 multipotens,
680 285 839 326 bonam
868 289 1003 328 vitam
1031 290 1143 328 mihi

160 366 346 411 Dedisti,
378 366 510 404 huius
540 376 677 417 quum
699 365 876 418 copiam
907 365 1019 404 mihi
1047 364 1196 405 fecisti.

98 461 109 466 ’
161 440 474 497 Corpusculum
506 438 787 490 melliculum.
850 441 933 480 01„
967 440 1065 480 Mea
1096 436 1318 481 vxorcnla!

167 521 241 560 ST.
277 516 396 571 Quid
425 513 510 554 est?
561 515 644 555 OL.
672 514 829 555 Institit
857 516 1062 570 plantam.
1110 519 1182 557 ST.
1212 515 1338 571 Quasi
1372 514 1540 556 iocabo.

159 594 332 635 Nebula
360 590 479 631 haud
510 588 568 630 est
596 589 763 634 mollis,
799 599 934 644 atquea
961 592 1093 632 huius
1125 592 1194 632 est.

167 671 252 712 01„
283 668 449 720 Edepol
476 665 677 720 papillam
711 664 932 706 bellulam!
963 668 1035 707 hei
1063 667 1216 708 misero
1245 669 1379 710 mihi!

164 748 238 787 ST.
277 743 397 796 Quid
429 735 518 781 est‘?
579 741 662 782 ΟΕ.
693 741 850 781 Pectus
881 743 991 783 mihi
1017 745 1104 797 agit
1133 756 1251 783 nunc
1286 745 1451 785 cubito.

166 823 239 863 Srss
274 819 393 873 Quid
425 828 470 857 tu
502 829 600 871 ergo
631 819 744 856 hanc
775 817 929 871 quaeso
963 829 1114 859 tractas
1147 818 1267 859 tam?

154 899 212 942 ,At
239 896 374 938 mihi,
406 894 482 947 qui
514 892 626 932 belle
656 894 767 933 hanc
794 877 951 938 uncto,
979 906 1083 933 non.
1143 893 1228 941 OL.
1258 894 1388 935 vaha.

164 975 236 1014 ST.
275 971 394 1025 Quid
420 969 586 1022 negotii
619 968 707 1010 cst?
761 969 845 1010 012.
873 967 1077 1015 Obsecro,
1099 950 1157 1009 *vt
1183 969 1394 1009 valentula
1428 968 1516 1010 est?

152 1049 297 1090 Paene
328 1038 543 1100 bxpofiuit
577 1046 741 1086 cubito.
799 1046 870 1086 ST.
902 1044 1112 1084 Cubitum
1144 1057 1244 1100 ergo
1273 1045 1337 1085 ire
1367 1045 1472 1086 vol't.

157 1125 247 1166 012.
286 1122 407 1178 Quin
436 1122 550 1159 imus
583 1119 715 1174 ergo?
769 1121 841 1161 Sr.
873 1120 992 1159 Bella
1021 1120 1235 1160 bellatula.

474 1300 767 1341 ACTVS
826 1303 874 1341 V.
946 1301 1242 1341 SCENA
1298 1303 1331 1342 1.

546 1409 881 1441 ‘PARDALISCA
897 1431 909 1451 ,
947 1411 1256 1442 MVRRHINA.

202 1511 423 1566 Adceptae
453 1510 565 1549 bene
595 1517 639 1549 et
669 1508 899 1549 commode
929 1509 1106 1548 eximus
1129 1509 1246 1548 intus

142 1574 299 1629 Ludos
328 1585 462 1626 visere
491 1586 579 1624 huc
611 1587 656 1624 in
686 1585 757 1623 via
787 1586 1034 1638 nuptialeis.

148 1667 254 1706 fllr.
285 1663 537 1718 Numquam
569 1660 724 1700 ecastor
754 1661 842 1700 vllo
874 1659 944 1698 die
974 1660 1041 1698 rifi
1070 1658 1276 1712 adaeque,

144 1739 300 1792 Neque
319 1738 414 1777 hoc
445 1737 564 1790 quod
595 1737 810 1790 reliquom
841 1734 897 1774 est
929 1735 1026 1788 plus
1054 1733 1235 1774 risuram
1268 1733 1437 1787 opinor.

143 1817 309 1861 Lubet,
341 1814 600 1856 Chalinum,
632 1811 739 1866 quid
768 1820 863 1866 agat
890 1809 1020 1858 scire,
1050 1823 1216 1850 nouom
1251 1824 1253 1826 ·

143 1891 349 1946 Nuptnm
380 1904 479 1930 cum
514 1901 631 1927 nouo
662 1889 842 1934 marito,
873 1900 955 1928 nec
985 1886 1198 1926 fallaciam

142 1965 401 2008 Astutiorem
431 1965 544 2002 x-llus
573 1962 678 2003 fecit
708 1973 858 2017 poeta,
897 1971 1025 2018 atque

54 2057 56 2059 ·
108 2071 111 2074 -
142 2040 199 2080 Vt
226 2041 333 2099 haec
362 2037 420 2078 est
447 2036 569 2085 fabre
595 2037 707 2078 facta
737 2053 758 2078 a
787 2032 930 2078 nobis.
963 2034 1149 2078 obtunso

143 2116 231 2157 Ore
260 2127 381 2154 nunc
409 2114 623 2168 pei-uelim
653 2113 897 2168 progrediri
927 2113 1087 2160 senem,

143 2191 246 2244 Quo
277 2189 406 2228 senex
436 2188 620 2242 nequior
651 2190 799 2228 nullus
826 2191 956 2233 viuit,
987 2201 1044 2228 ne
1074 2188 1198 2227 illum

142 2254 339 2320 Quidern
368 2264 623 2317 nequiorem
656 2264 835 2305 arbitror
858 2263 962 2310 effe,
1000 2263 1077 2317 qui
1109 2264 1254 2301 locum

139 2341 324 2382 Praebet
351 2339 416 2379 illi
445 2340 466 2360 ‘³
501 2351 621 2377 nunc
649 2339 885 2392 praesidem
911 2341 962 2362 *¹*
990 2338 1086 2382 hic,
1116 2335 1355 2376 Pardalisca

138 2416 263 2456 Esto:
296 2417 373 2470 qui
403 2416 511 2472 hinc
541 2425 684 2460 exeat,
724 2428 826 2454 enm
855 2423 905 2453 vt
931 2415 981 2437 ⁴⁶*
1010 2413 1198 2452 ludibrio
1228 2410 1400 2450 habeas.

142 2493 236 2533 ΡΛ.
270 2492 445 2531 Lubens
477 2489 637 2534 fecero,
664 2499 708 2529 et
733 2488 887 2529 [olens.
936 2490 1038 2528 „Mra
1067 2486 1266 2539 Spectato
1293 2485 1399 2525 hinc
1423 2483 1571 2526 omnia

138 2568 285 2612 Intus,
317 2565 424 2621 quid
448 2567 571 2622 intus
607 2575 758 2618 agant;
797 2566 848 2587 *¹*
872 2576 987 2619 pone
1013 2574 1109 2608 me,
1138 2561 1316 2608 amabo3

118 2642 195 2697 ¹Et
223 2642 287 2680 ilii
318 2640 523 2680 audacius
558 2640 660 2679 licet
690 2652 798 2694 quae
831 2639 899 2678 vis
929 2639 1063 2678 libere

137 2717 360 2777 Proloqui.
422 2718 513 2759 ΡΛ.
542 2716 681 2763 Tace;
712 2714 848 2756 vostra
877 2713 982 2756 foris
1015 2712 1197 2768 crepuit.

1613 529 1665 555 20

1614 908 1665 946 ις

1540 2197 1657 2232 ,ιο

1599 2571 1647 2608 ¹5
