1742 2924
213 131 314 187 7‘85
855 140 1076 195 srtcut

558 246 818 290 ACTVS
874 246 952 288 IV.
990 245 1278 288 ·SC.ENA
1331 249 1368 289 Ι.

409 349 674 390 ANTIPHO,
722 346 1137 387 PAMPHILIPPVS,
1182 345 1507 382 EGIGNOMVS.

215 425 221 450 ³
266 441 332 480 Ita
355 450 427 478 me
446 434 502 476 Di
536 436 648 476 bene
679 443 825 474 ament
862 445 1062 488 measque
1084 430 1193 474 mihi
1216 434 1328 475 hene
1353 426 1572 483 semassmt
1591 426 1715 478 fiffis,

146 534 148 537 v
209 514 266 553 Vt
290 511 399 552 mihi
424 509 642 566 volupc’st,
674 506 988 564 Pamphilippe,
1016 508 1114 565 quia
1140 523 1218 551 vos
1240 506 1288 550 in
1319 506 1500 564 patriam
1531 507 1715 564 domum

209 587 378 637 Rediss'e
412 586 554 633 video,
587 588 697 627 bene
728 585 836 642 gesta
866 601 929 632 re,
956 588 1122 633 ambos,
1148 597 1190 627 te
1224 596 1266 625 et
1291 585 1462 626 fratrem
1490 594 1628 624 tuum.

210 666 300 707 Pa.
330 661 439 704 Satis
462 663 536 704 abs
561 672 603 703 te
634 659 863 718 adcipiam‚
892 659 970 703 nist
997 660 1184 709 videam,
1201 659 1312 702 mihi
1343 672 1384 703 te
1406 656 1714 703 amicum-effe.

945 729 1153 786 Antipho-
1317 727 1333 731 “

206 809 340 852 Nune
366 807 462 865 quia
490 819 533 850 te
562 808 755 851 amicum
785 806 897 851 mihi
928 806 1124 867 experior
1156 789 1259 854 else,x
1279 805 1466 848 creditur
1503 796 1599 845 tibi.
1690 817 1710 854 ς

203 886 303 943 AN.
338 888 495 929 Vocem
527 900 608 942 ego
640 897 680 927 te
713 885 765 926 ad
788 899 859 928 me
889 885 941 925 ad
971 899 1165 934 coenam,
1198 884 1326 926 frater
1350 893 1449 925 tuus
1480 879 1558 923 nisi
1586 877 1714 923 dixis-

381 964 393 969 *
941 955 1002 995 set
1034 954 1161 1002 mihi,

207 1033 274 1076 Te
303 1032 419 1088 apud
444 1031 486 1074 se
517 1040 800 1074 coenaturum
831 1030 909 1072 effe
937 1029 1087 1079 hodie„
1115 1044 1252 1088 quum
1282 1042 1353 1071 me
1381 1028 1434 1070 ad
1463 1026 1506 1069 se
1534 1027 1587 1068 ad
1619 1041 1712 1069 coe·-

938 1117 1041 1145 nam
1069 1111 1207 1143 vocat.

203 1178 258 1224 Et
283 1180 424 1238 magis
451 1195 526 1238 pax·
555 1180 706 1229 fuerat,
733 1196 808 1222 me
835 1180 934 1221 dare
963 1176 1092 1219 vobis
1119 1190 1300 1220 coenam
1329 1177 1682 1229 aduenientibus,

203 1261 349 1315 Quam
379 1271 450 1297 me
476 1257 529 1298 ad
557 1256 684 1300 illum
712 1257 978 1313 promittere,
1009 1252 1087 1294 nifi
1119 1255 1284 1298 nollem
1313 1253 1352 1297 ei
1379 1253 1654 1297 aduorsarier.

202 1339 335 1382 Nunc
363 1349 434 1376 me
460 1333 639 1390 gratiam
670 1338 746 1376 abs
774 1345 816 1374 te
844 1331 959 1374 inire
984 1327 1127 1371 verbis
1157 1327 1275 1384 nihil*
1300 1329 1513 1373 desidero:
1663 1346 1712 1374 ιο

202 1415 305 1455 Cras
336 1413 453 1467 apud
481 1426 552 1451 me
581 1408 720 1458 eritis,
754 1421 797 1450 et
824 1420 873 1449 tu
904 1417 947 1448 et
972 1405 1066 1453 ille,
1100 1420 1202 1447 cum
1227 1403 1377 1447 vostris
1406 1404 1626 1447 vxoribus.
1645 1435 1654 1443 .

202 1493 288 1531 ΡΛ.
318 1489 374 1529 Et
403 1486 518 1542 apud
544 1497 617 1526 me
646 1482 866 1540 perendie.
897 1497 998 1525 nam
1032 1481 1106 1525 ille.
1134 1481 1230 1523 heri
1256 1497 1326 1524 me
1355 1485 1713 1543 iam‘vocauerat

197 1568 249 1609 In
285 1568 406 1607 hunc
429 1561 559 1603 diem.
580 1559 651 1601 sed
671 1551 795 1600 satin*
816 1572 896 1614 ego
925 1569 1070 1599 tecum
1089 1556 1337 1614 pacificatus
1356 1557 1466 1604 sum,
1488 1555 1712 1614 Antipho?

199 1642 296 1690 AN·
330 1637 518 1695 Quando
550 1636 611 1676 ita
639 1649 731 1677 rem
763 1631 949 1693 gesfistis,
979 1631 1153 1675 vtivos
1182 1636 1357 1683 vellem²
1383 1632 1548 1675 amicos
1583 1644 1712 1690 atque

942 1703 1136 1750 addecet,

195 1784 285 1828 Pax
316 1778 718 1837 commerciumque
749 1778 808 1821 est.
837 1775 966 1821 vobis
995 1783 1188 1823 meeum.
1231 1791 1335 1833 nam
1357 1780 1458 1820 ·hoc
1498 1789 1548 1820 tu
1577 1777 1711 1820 facito

936 1846 1118 1904 cogites,
1661 1863 1707 1899 ις

196 1928 254 1969 Vt
290 1925 448 1982 cuique
480 1923 655 1966 homini
699 1936 769 1966 res,
801 1935 946 1981 parata
985 1924 1064 1971 est,
1103 1922 1216 1964 firmi
1245 1919 1374 1965 amici
1414 1904 1537 1966 runt‘:
1578 1925 1608 1965 fi
1639 1937 1708 1966 res

940 1995 1036 2038 laffa
1071 1995 1200 2041 labat,

189 2072 355 2116 'Itidem
386 2068 515 2111 amici
547 2068 872 2114 conlabascunn
928 2071 1016 2113 Res
1045 2069 1208 2114 amicos
1235 2066 1420 2110 inuenit.

201 2152 291 2194 ΕΡ.
318 2150 472 2202 (doma
500 2149 650 2189 exiens
679 2149 842 2202 vxorc‘)
870 2149 961 2188 Iam
988 2146 1134 2188 redeo.
1166 2142 1351 2206 (secum)
1380 2141 1527 2186 Nimia
1553 2145 1611 2185 est
1635 2159 1710 2186 vo·

278 2213 281 2215 i
935 2220 1100 2274 luptas,
1132 2218 1158 2259 fi
1187 2214 1264 2258 diu
1292 2211 1478 2256 abfueris
1508 2229 1531 2254 a
1560 2215 1709 2263 domo,

197 2298 391 2338 Domum
412 2298 440 2338 fi
466 2293 658 2342 redieris,
686 2296 713 2337 fi
734 2292 815 2336 tibi
836 2295 957 2336 nulla
985 2294 1044 2336 est
1075 2291 1298 2350 aegritudo
1335 2289 1481 2356 animo
1514 2290 1707 2334 obuiam.

197 2374 311 2415 Nam
336 2371 394 2413 ita
414 2387 488 2414 me
521 2371 695 2414 absente
722 2369 980 2413 familiarem
1001 2385 1094 2413 remv
1118 2384 1224 2412 vxor
1253 2366 1420 2410 curauit
1443 2381 1602 2418 meam,
1657 2383 1715 2410 zo

199 2446 415 2491 Omnium
440 2461 512 2487 me
543 2447 700 2490 exilem
729 2459 860 2507 atque
885 2446 1061 2490 inanem
1088 2444 1194 2487 fecit
1222 2442 1557 2501 aegritudinum.

199 2525 285 2566 Sed
319 2538 469 2565 eccum
500 2522 674 2564 fratrem
702 2521 1072 2580 Pamphilippum,
1100 2518 1266 2560 incedit
1300 2534 1401 2562 cum
1439 2523 1581 2564 socero
1617 2522 1707 2564 suo.

198 2601 286 2645 ,ΡΛ-
321 2597 443 2658 Quid
469 2596 633 2657 agitur,
663 2596 938 2654 Epignome‘?
998 2600 1084 2639 ΕΡ.
1111 2595 1229 2652 Quid
1258 2597 1339 2638 tu?
1383 2611 1513 2654 quam
1541 2595 1707 2647 dudum
1736 2598 1741 2600 “

937 2664 985 2706 in
1011 2676 1190 2723 portum
1218 2662 1342 2708 venis
